万得代码,交易所代码,自然日,订单时间,买卖方向,成交价格,订单数量,明细个数,订单明细,
000001.SZ,000001,20170103,91509000,65,91000,0,0,
000001.SZ,000001,20170103,91509000,66,91000,0,0,
000001.SZ,000001,20170103,92448000,65,91100,0,0,
000001.SZ,000001,20170103,92448000,66,91100,0,0,
000001.SZ,000001,20170103,92503000,65,91100,34,34,539080,700000,5000,1100,1500,1200,17700,17800,17800,100,1900,600,1200,17800,500,6300,13000,1800,5000,5000,500,5000,5000,45400,1500,1800,800,111600,50100,3000,3000,900,1000,200000,
000001.SZ,000001,20170103,92503000,66,91000,44,44,100,100,1000,700,1000,100,3000,100,12000,100,300,100,3000,5000,600,200,1400,50000,3000,1100,4000,600,2700,1500,2000,500,60000,10000,800,2300,3000,500,300,4100,50000,5500,1000,500,500,12000,2900,5000,1600,1900,
000001.SZ,000001,20170103,93000000,65,91100,35,35,539080,700000,5000,1100,1500,1200,17700,17800,17800,100,1900,600,1200,17800,500,6300,13000,1800,5000,5000,500,5000,5000,45400,1500,1800,800,111600,50100,3000,3000,900,1000,200000,206088,
000001.SZ,000001,20170103,93000000,66,91000,44,44,100,100,1000,700,1000,100,3000,100,12000,100,300,100,3000,5000,600,200,1400,50000,3000,1100,4000,600,2700,1500,2000,500,60000,10000,800,2300,3000,500,300,4100,50000,5500,1000,500,500,12000,2900,5000,1600,1900,
000001.SZ,000001,20170103,93003000,65,91100,51,50,236980,700000,5000,1100,1500,17700,17800,17800,100,1900,600,17800,500,6300,13000,1800,5000,5000,500,5000,5000,45400,1500,1800,800,50100,3000,3000,900,1000,200000,206088,233282,5000,20000,1000,1000,2000,1100,1100,12600,4000,2000,20000,20000,2300,900,6500,2700,10000,
000001.SZ,000001,20170103,93003000,66,91000,32,32,1460,2900,5000,1600,1900,5700,600,2300,3100,3000,50000,6000,20000,100,20000,2000,1000,200,5000,10400,2000,2000,22000,27900,1600,2600,200,500,200,2900,400,17000,
000001.SZ,000001,20170103,93006000,65,91100,54,50,219880,700000,5000,1100,1500,17700,17800,17800,100,1900,600,17800,500,6300,13000,1800,5000,5000,500,5000,5000,45400,1500,1800,800,50100,3000,3000,900,1000,200000,206088,233282,5000,20000,1000,1000,2000,1100,1100,12600,4000,2000,20000,20000,2300,900,6500,2700,10000,
000001.SZ,000001,20170103,93006000,66,91000,34,34,640,600,2300,3100,3000,50000,6000,20000,100,20000,2000,1000,200,5000,10400,2000,2000,22000,27900,1600,2600,200,500,200,2900,400,17000,20000,1100,1000,2000,800,500,500,
000001.SZ,000001,20170103,93009000,65,91100,57,50,218680,700000,5000,1100,1500,17700,17800,17800,100,1900,600,17800,500,6300,13000,1800,5000,5000,500,5000,5000,45400,1500,1800,800,50100,3000,3000,900,1000,200000,206088,233282,5000,20000,1000,1000,2000,1100,1100,12600,4000,2000,20000,20000,2300,900,6500,2700,10000,
000001.SZ,000001,20170103,93009000,66,91000,36,36,540,2300,3100,3000,50000,6000,20000,100,20000,2000,1000,200,5000,10400,2000,2000,22000,27900,1600,2600,200,500,200,2900,400,17000,20000,1100,1000,2000,800,500,500,5200,800,4000,
000001.SZ,000001,20170103,93012000,65,91100,58,50,217680,700000,5000,1100,1500,17700,17800,17800,100,1900,600,17800,500,6300,13000,1800,5000,5000,500,5000,5000,45400,1500,1800,800,50100,3000,3000,900,1000,200000,206088,233282,5000,20000,1000,1000,2000,1100,1100,12600,4000,2000,20000,20000,2300,900,6500,2700,10000,
000001.SZ,000001,20170103,93012000,66,91000,36,36,440,2300,3100,3000,50000,6000,20000,100,20000,2000,1000,200,5000,10400,2000,2000,22000,27900,1600,2600,200,500,200,2900,400,17000,20000,1100,1000,2000,800,500,500,5200,800,4000,
000001.SZ,000001,20170103,93015000,65,91100,58,50,202680,700000,5000,1100,1500,17700,17800,17800,100,1900,600,17800,500,6300,13000,1800,5000,5000,500,5000,5000,45400,1500,1800,800,50100,3000,3000,900,1000,200000,206088,233282,5000,20000,1000,1000,2000,1100,1100,12600,4000,2000,20000,20000,2300,900,6500,2700,10000,
000001.SZ,000001,20170103,93015000,66,91000,36,36,440,2300,3100,3000,50000,6000,20000,100,20000,2000,1000,200,5000,10400,2000,2000,22000,27900,1600,2600,200,500,200,2900,400,17000,20000,1100,1000,2000,800,500,500,5200,800,4000,
000001.SZ,000001,20170103,93018000,65,91100,58,50,200680,700000,5000,1100,1500,17700,17800,17800,100,1900,600,17800,500,6300,13000,1800,5000,5000,500,5000,5000,45400,1500,1800,800,50100,3000,3000,900,1000,200000,206088,233282,5000,20000,1000,1000,2000,1100,1100,12600,4000,2000,20000,20000,2300,900,6500,2700,10000,
000001.SZ,000001,20170103,93018000,66,91000,32,32,35540,6000,20000,100,20000,2000,1000,200,5000,10400,2000,2000,22000,27900,1600,2600,200,500,200,2900,400,17000,20000,1100,1000,2000,800,500,500,5200,800,4000,
000001.SZ,000001,20170103,93021000,65,91100,58,50,200680,700000,5000,1100,1500,17700,17800,17800,100,1900,600,17800,500,6300,13000,1800,5000,5000,500,5000,5000,45400,1500,1800,800,50100,3000,3000,900,1000,200000,206088,233282,5000,20000,1000,1000,2000,1100,1100,12600,4000,2000,20000,20000,2300,900,6500,2700,10000,
000001.SZ,000001,20170103,93021000,66,91000,32,32,35340,6000,20000,100,20000,2000,1000,200,5000,10400,2000,2000,22000,27900,1600,2600,200,500,200,2900,400,17000,20000,1100,1000,2000,800,500,500,5200,800,4000,
000001.SZ,000001,20170103,93024000,65,91100,57,50,194180,700000,5000,1100,1500,17700,17800,17800,100,1900,600,17800,500,6300,13000,1800,5000,5000,500,5000,5000,45400,1500,1800,800,50100,3000,3000,900,200000,206088,233282,5000,20000,1000,1000,2000,1100,1100,12600,4000,2000,20000,20000,2300,900,6500,2700,10000,5000,
000001.SZ,000001,20170103,93024000,66,91000,32,32,35340,6000,20000,100,20000,2000,1000,200,5000,10400,2000,2000,22000,27900,1600,2600,200,500,200,2900,400,17000,20000,1100,1000,2000,800,500,500,5200,800,4000,
000001.SZ,000001,20170103,93027000,65,91100,57,50,192980,700000,5000,1100,1500,17700,17800,17800,100,1900,600,17800,500,6300,13000,1800,5000,5000,500,5000,5000,45400,1500,1800,800,50100,3000,3000,900,200000,206088,233282,5000,20000,1000,1000,2000,1100,1100,12600,4000,2000,20000,20000,2300,900,6500,2700,10000,5000,
000001.SZ,000001,20170103,93027000,66,91000,32,32,35340,6000,20000,100,20000,2000,1000,200,5000,10400,2000,2000,22000,27900,1600,2600,200,500,200,2900,400,17000,20000,1100,1000,2000,800,500,500,5200,800,4000,
000001.SZ,000001,20170103,93030000,65,91100,57,50,187980,700000,5000,1100,1500,17700,17800,17800,100,1900,600,17800,500,6300,13000,1800,5000,5000,500,5000,5000,45400,1500,1800,800,50100,3000,3000,900,200000,206088,233282,5000,20000,1000,1000,2000,1100,1100,12600,4000,2000,20000,20000,2300,900,6500,2700,10000,5000,
000001.SZ,000001,20170103,93030000,66,91000,34,34,34540,6000,20000,100,20000,2000,1000,200,5000,10400,2000,2000,22000,27900,1600,2600,200,500,200,2900,400,17000,20000,1100,1000,2000,800,500,500,5200,800,4000,62700,13200,
000001.SZ,000001,20170103,93033000,65,91100,57,50,187980,700000,5000,1100,1500,17700,17800,17800,100,1900,600,17800,500,6300,13000,1800,5000,5000,500,5000,5000,45400,1500,1800,800,50100,3000,3000,900,200000,206088,233282,5000,20000,1000,1000,2000,1100,1100,12600,4000,2000,20000,20000,2300,900,6500,2700,10000,5000,
000001.SZ,000001,20170103,93033000,66,91000,34,34,32540,6000,20000,100,20000,2000,1000,200,5000,10400,2000,2000,22000,27900,1600,2600,200,500,200,2900,400,17000,20000,1100,1000,2000,800,500,500,5200,800,4000,62700,13200,
000001.SZ,000001,20170103,93036000,65,91100,57,50,187680,700000,5000,1100,1500,17700,17800,17800,100,1900,600,17800,500,6300,13000,1800,5000,5000,500,5000,5000,45400,1500,1800,800,50100,3000,3000,900,200000,206088,233282,5000,20000,1000,1000,2000,1100,1100,12600,4000,2000,20000,20000,2300,900,6500,2700,10000,5000,
000001.SZ,000001,20170103,93036000,66,91000,33,33,32540,6000,20000,100,20000,2000,1000,200,5000,10400,2000,2000,22000,27900,1600,2600,200,500,200,2900,400,17000,20000,1100,1000,2000,800,500,500,5200,4000,62700,13200,
000001.SZ,000001,20170103,93039000,65,91100,58,50,185880,700000,5000,1100,1500,17700,17800,17800,100,1900,600,17800,500,6300,13000,1800,5000,5000,500,5000,5000,45400,1500,1800,800,50100,3000,3000,900,200000,206088,233282,5000,20000,1000,1000,2000,1100,1100,12600,4000,2000,20000,20000,2300,900,6500,2700,10000,5000,
000001.SZ,000001,20170103,93039000,66,91000,33,33,22540,6000,20000,100,20000,2000,1000,200,5000,10400,2000,2000,22000,27900,1600,2600,200,500,200,2900,400,17000,20000,1100,1000,2000,800,500,500,5200,4000,62700,13200,
000001.SZ,000001,20170103,93042000,65,91100,59,50,184880,700000,5000,1100,1500,17700,17800,17800,100,1900,600,17800,500,6300,13000,1800,5000,5000,500,5000,5000,45400,1500,1800,800,50100,3000,3000,900,200000,206088,233282,5000,20000,1000,1000,2000,1100,1100,12600,4000,2000,20000,20000,2300,900,6500,2700,10000,5000,
000001.SZ,000001,20170103,93042000,66,91000,33,33,19940,6000,20000,100,20000,2000,1000,200,5000,10400,2000,2000,22000,27900,1600,2600,200,500,200,2900,400,17000,20000,1100,1000,2000,800,500,500,5200,4000,62700,13200,
000001.SZ,000001,20170103,93045000,65,91100,60,50,184880,700000,5000,1100,1500,17700,17800,17800,100,1900,600,17800,500,6300,13000,1800,5000,5000,500,5000,5000,45400,1500,1800,800,50100,3000,3000,900,200000,206088,233282,5000,20000,1000,1000,2000,1100,1100,12600,4000,2000,20000,20000,2300,900,6500,2700,10000,5000,
000001.SZ,000001,20170103,93045000,66,91000,34,34,19040,6000,20000,100,20000,2000,1000,200,5000,10400,2000,2000,22000,27900,1600,2600,200,500,200,2900,400,17000,20000,1100,1000,2000,800,500,500,5200,4000,62700,13200,2300,
000001.SZ,000001,20170103,93048000,65,91100,61,50,184880,700000,5000,1100,1500,17700,17800,17800,100,1900,600,17800,500,6300,13000,1800,5000,5000,500,5000,5000,45400,1500,1800,800,50100,3000,3000,900,200000,206088,233282,5000,20000,1000,1000,2000,1100,1100,12600,4000,2000,20000,20000,2300,900,6500,2700,10000,5000,
000001.SZ,000001,20170103,93048000,66,91000,38,38,19040,6000,20000,100,20000,2000,1000,200,5000,10400,2000,2000,22000,27900,1600,2600,200,500,200,2900,400,17000,20000,1100,1000,2000,800,500,500,5200,4000,62700,13200,2300,2300,500,2000,1200,
000001.SZ,000001,20170103,93051000,65,91100,62,50,184880,700000,5000,1100,1500,17700,17800,17800,100,1900,600,17800,500,6300,13000,1800,5000,5000,500,5000,5000,45400,1500,1800,800,50100,3000,3000,900,200000,206088,233282,5000,20000,1000,1000,2000,1100,1100,12600,4000,2000,20000,20000,2300,900,6500,2700,10000,5000,
000001.SZ,000001,20170103,93051000,66,91000,39,39,13740,6000,20000,100,20000,2000,1000,200,5000,10400,2000,2000,22000,27900,1600,2600,200,500,200,2900,400,17000,20000,1100,1000,2000,800,500,500,5200,4000,62700,13200,2300,2300,500,2000,1200,500,
000001.SZ,000001,20170103,93054000,65,91100,62,50,173880,700000,5000,1100,1500,17700,17800,17800,100,1900,600,17800,500,6300,13000,1800,5000,5000,500,5000,5000,45400,1500,1800,800,50100,3000,3000,900,200000,206088,233282,5000,20000,1000,1000,2000,1100,1100,12600,4000,2000,20000,20000,2300,900,6500,2700,10000,5000,
000001.SZ,000001,20170103,93054000,66,91000,39,39,13540,6000,20000,100,20000,2000,1000,200,5000,10400,2000,2000,22000,27900,1600,2600,200,500,200,2900,400,17000,20000,1100,1000,2000,800,500,500,5200,4000,62700,13200,2300,2300,500,2000,1200,500,
000001.SZ,000001,20170103,93057000,65,91100,62,50,173880,700000,5000,1100,1500,17700,17800,17800,100,1900,600,17800,500,6300,13000,1800,5000,5000,500,5000,5000,45400,1500,1800,800,50100,3000,3000,900,200000,206088,233282,5000,20000,1000,1000,2000,1100,1100,12600,4000,2000,20000,20000,2300,900,6500,2700,10000,5000,
000001.SZ,000001,20170103,93057000,66,91000,40,40,12340,6000,20000,100,20000,2000,1000,200,5000,10400,2000,2000,22000,27900,1600,2600,200,500,200,2900,400,17000,20000,1100,1000,2000,800,500,500,5200,4000,62700,13200,2300,2300,500,2000,1200,500,3000,
000001.SZ,000001,20170103,93100000,65,91100,63,50,173880,700000,5000,1100,1500,17700,17800,17800,100,1900,600,17800,500,6300,13000,1800,5000,5000,500,5000,5000,45400,1500,1800,800,50100,3000,3000,900,200000,206088,233282,5000,20000,1000,1000,2000,1100,1100,12600,4000,2000,20000,20000,2300,900,6500,2700,10000,5000,
000001.SZ,000001,20170103,93100000,66,91000,40,40,10140,6000,20000,100,20000,2000,1000,200,5000,10400,2000,2000,22000,27900,1600,2600,200,500,200,2900,400,17000,20000,1100,1000,2000,800,500,500,5200,4000,62700,13200,2300,2300,500,2000,1200,500,3000,
000001.SZ,000001,20170103,93103000,65,91100,63,50,173880,700000,5000,1100,1500,17700,17800,17800,100,1900,600,17800,500,6300,13000,1800,5000,5000,500,5000,5000,45400,1500,1800,800,50100,3000,3000,900,200000,206088,233282,5000,20000,1000,1000,2000,1100,1100,12600,4000,2000,20000,20000,2300,900,6500,2700,10000,5000,
000001.SZ,000001,20170103,93103000,66,91000,41,41,9540,6000,20000,100,20000,2000,1000,200,5000,10400,2000,2000,22000,27900,1600,2600,200,500,200,2900,400,17000,20000,1100,1000,2000,800,500,500,5200,4000,62700,13200,2300,2300,500,2000,1200,500,3000,55800,
000001.SZ,000001,20170103,93106000,65,91100,64,50,172180,700000,5000,1100,1500,17700,17800,17800,100,1900,600,17800,500,6300,13000,1800,5000,5000,500,5000,5000,45400,1500,1800,800,50100,3000,3000,900,200000,206088,233282,5000,20000,1000,1000,2000,1100,1100,12600,4000,2000,20000,20000,2300,900,6500,2700,10000,5000,
000001.SZ,000001,20170103,93106000,66,91000,44,44,9540,6000,20000,100,20000,2000,1000,200,5000,10400,2000,2000,22000,27900,1600,2600,200,500,200,2900,400,17000,20000,1100,1000,2000,800,500,500,5200,4000,62700,13200,2300,2300,500,2000,1200,500,3000,55800,2000,5400,100,
000001.SZ,000001,20170103,93109000,65,91100,65,50,160580,700000,5000,1100,1500,17700,17800,17800,100,1900,600,17800,500,6300,13000,1800,5000,5000,500,5000,5000,45400,1500,1800,800,50100,3000,3000,900,200000,206088,233282,5000,20000,1000,1000,2000,1100,1100,12600,4000,2000,20000,20000,2300,900,6500,2700,10000,5000,
000001.SZ,000001,20170103,93109000,66,91000,46,46,5340,100,20000,2000,1000,200,5000,10400,2000,2000,22000,27900,1600,2600,200,500,200,2900,400,17000,20000,1100,1000,2000,800,500,500,5200,4000,62700,13200,2300,2300,500,2000,1200,500,3000,55800,2000,5400,100,1000,900,1000,2000,
000001.SZ,000001,20170103,93112000,65,91100,65,50,159780,700000,5000,1100,1500,17700,17800,17800,100,1900,600,17800,500,6300,13000,1800,5000,5000,500,5000,5000,45400,1500,1800,800,50100,3000,3000,900,200000,206088,233282,5000,20000,1000,1000,2000,1100,1100,12600,4000,2000,20000,20000,2300,900,6500,2700,10000,5000,
000001.SZ,000001,20170103,93112000,66,91000,47,47,1540,100,20000,2000,1000,200,5000,10400,2000,2000,22000,27900,1600,2600,200,500,200,2900,400,17000,20000,1100,1000,2000,800,500,500,5200,4000,62700,13200,2300,2300,500,2000,1200,500,3000,55800,2000,5400,100,1000,900,1000,2000,2000,
000001.SZ,000001,20170103,93115000,65,91100,66,50,98280,700000,5000,1100,1500,17700,17800,17800,100,1900,600,17800,500,6300,13000,1800,5000,5000,500,5000,5000,45400,1500,1800,800,50100,3000,3000,900,200000,206088,233282,5000,20000,1000,1000,2000,1100,1100,12600,4000,2000,20000,20000,2300,900,6500,2700,10000,5000,
000001.SZ,000001,20170103,93115000,66,91000,46,46,14340,2000,1000,200,5000,10400,2000,2000,22000,27900,1600,2600,200,500,200,2900,400,17000,20000,1100,1000,2000,800,500,500,5200,4000,62700,13200,2300,2300,500,2000,1200,500,3000,55800,2000,5400,100,1000,900,1000,2000,2000,2900,
000001.SZ,000001,20170103,93118000,65,91100,66,50,94980,700000,5000,1100,1500,17700,17800,17800,100,1900,600,17800,500,6300,13000,1800,5000,5000,500,5000,5000,45400,1500,1800,800,50100,3000,3000,900,200000,206088,233282,5000,20000,1000,1000,2000,1100,1100,12600,4000,2000,20000,20000,2300,900,6500,2700,10000,5000,
000001.SZ,000001,20170103,93118000,66,91000,46,46,9240,2000,1000,200,5000,10400,2000,2000,22000,27900,1600,2600,200,500,200,2900,400,17000,20000,1100,1000,2000,800,500,500,5200,4000,62700,13200,2300,2300,500,2000,1200,500,3000,55800,2000,5400,100,1000,900,1000,2000,2000,2900,
000001.SZ,000001,20170103,93124000,65,91100,66,50,90280,700000,5000,1100,1500,17700,17800,17800,100,1900,600,17800,500,6300,13000,1800,5000,5000,500,5000,5000,45400,1500,1800,800,50100,3000,3000,900,200000,206088,233282,5000,20000,1000,1000,2000,1100,1100,12600,4000,2000,20000,20000,2300,900,6500,2700,10000,5000,
000001.SZ,000001,20170103,93124000,66,91000,45,45,340,1000,200,5000,10400,2000,2000,22000,27900,1600,2600,200,500,200,2900,400,17000,20000,1100,1000,2000,800,500,500,5200,4000,62700,13200,2300,2300,500,2000,1200,500,3000,55800,2000,5400,100,1000,900,1000,2000,2000,2900,
000001.SZ,000001,20170103,93127000,65,91100,67,50,90280,700000,5000,1100,1500,17700,17800,17800,100,1900,600,17800,500,6300,13000,1800,5000,5000,500,5000,5000,45400,1500,1800,800,50100,3000,3000,900,200000,206088,233282,5000,20000,1000,1000,2000,1100,1100,12600,4000,2000,20000,20000,2300,900,6500,2700,10000,5000,
000001.SZ,000001,20170103,93127000,66,91000,46,46,340,200,5000,10400,2000,2000,22000,27900,1600,2600,200,500,200,2900,400,17000,20000,1100,1000,2000,800,500,500,5200,4000,62700,13200,2300,2300,500,2000,1200,500,3000,55800,2000,5400,100,1000,900,1000,2000,2000,2900,3000,1000,
000001.SZ,000001,20170103,93130000,65,91100,67,50,90180,700000,5000,1100,1500,17700,17800,17800,100,1900,600,17800,500,6300,13000,1800,5000,5000,500,5000,5000,45400,1500,1800,800,50100,3000,3000,900,200000,206088,233282,5000,1000,1000,2000,1100,1100,12600,4000,2000,20000,20000,2300,900,6500,2700,10000,5000,9400,
000001.SZ,000001,20170103,93130000,66,91000,46,46,340,200,5000,10400,2000,2000,22000,27900,1600,2600,200,500,200,2900,400,17000,20000,1100,1000,2000,800,500,500,5200,4000,62700,13200,2300,2300,500,2000,1200,500,3000,55800,2000,5400,100,1000,900,1000,2000,2000,3000,1000,300,
000001.SZ,000001,20170103,93133000,65,91100,67,50,90180,700000,5000,1100,1500,17700,17800,17800,100,1900,600,17800,500,6300,13000,1800,5000,5000,500,5000,5000,45400,1500,1800,800,50100,3000,3000,900,200000,206088,233282,5000,1000,1000,2000,1100,1100,12600,4000,2000,20000,20000,2300,900,6500,2700,10000,5000,9400,
000001.SZ,000001,20170103,93133000,66,91000,48,48,340,200,5000,10400,2000,2000,22000,27900,1600,2600,200,500,200,2900,400,17000,20000,1100,1000,2000,800,500,500,5200,4000,62700,13200,2300,2300,500,2000,1200,500,3000,55800,2000,5400,100,1000,900,1000,2000,2000,3000,1000,300,100,4500,
000001.SZ,000001,20170103,93136000,65,91100,67,50,80180,700000,5000,1100,1500,17700,17800,17800,100,1900,600,17800,500,6300,13000,1800,5000,5000,500,5000,5000,45400,1500,1800,800,50100,3000,3000,900,200000,206088,233282,5000,1000,1000,2000,1100,1100,12600,4000,2000,20000,20000,2300,900,6500,2700,10000,5000,9400,
000001.SZ,000001,20170103,93136000,66,91000,43,43,16040,1600,2600,200,500,200,2900,400,17000,20000,1100,1000,2000,800,500,500,5200,4000,62700,13200,2300,2300,500,2000,1200,500,3000,55800,2000,5400,100,1000,900,1000,2000,2000,3000,1000,300,100,4500,12200,3300,
000001.SZ,000001,20170103,93139000,65,91100,67,50,76680,700000,5000,1100,1500,17700,17800,17800,100,1900,600,17800,500,6300,13000,1800,5000,5000,500,5000,5000,45400,1500,1800,800,50100,3000,3000,900,200000,206088,233282,5000,1000,1000,2000,1100,1100,12600,4000,2000,20000,20000,2300,900,6500,2700,10000,5000,9400,
000001.SZ,000001,20170103,93139000,66,91000,29,29,26040,13200,2300,2300,500,2000,1200,500,3000,55800,2000,5400,100,1000,900,1000,2000,2000,3000,1000,300,100,4500,12200,3300,9900,4800,5000,800,
000001.SZ,000001,20170103,93142000,65,91100,67,50,76680,700000,5000,1100,1500,17700,17800,17800,100,1900,600,17800,500,6300,13000,1800,5000,5000,500,5000,5000,45400,1500,1800,800,50100,3000,3000,900,200000,206088,233282,5000,1000,1000,2000,1100,1100,12600,4000,2000,20000,20000,2300,900,6500,2700,10000,5000,9400,
000001.SZ,000001,20170103,93142000,66,91000,30,30,26040,13200,2300,2300,500,2000,1200,500,3000,55800,2000,5400,100,1000,900,1000,2000,2000,3000,1000,300,100,4500,12200,3300,9900,4800,5000,800,500,
000001.SZ,000001,20170103,93145000,65,91100,68,50,67980,700000,5000,1100,1500,17700,17800,17800,100,1900,600,17800,500,6300,13000,1800,5000,5000,500,5000,5000,45400,1500,1800,800,50100,3000,3000,900,200000,206088,233282,5000,1000,1000,2000,1100,1100,12600,4000,2000,20000,20000,2300,900,6500,2700,10000,5000,9400,
000001.SZ,000001,20170103,93145000,66,91000,22,22,40040,2000,5400,100,1000,900,1000,2000,2000,3000,1000,300,100,4500,12200,3300,9900,4800,5000,800,500,100000,
000001.SZ,000001,20170103,93148000,65,91100,68,50,67480,700000,5000,1100,1500,17700,17800,17800,100,1900,600,17800,500,6300,13000,1800,5000,5000,500,5000,5000,45400,1500,1800,800,50100,3000,3000,900,200000,206088,233282,5000,1000,1000,2000,1100,1100,12600,4000,2000,20000,20000,2300,900,6500,2700,10000,5000,9400,
000001.SZ,000001,20170103,93148000,66,91000,22,22,40040,2000,5400,100,1000,900,1000,2000,2000,3000,1000,300,100,12200,3300,9900,4800,5000,800,500,100000,500,
000001.SZ,000001,20170103,93151000,65,91100,68,50,61580,700000,5000,1100,1500,17700,17800,17800,100,1900,600,17800,500,6300,13000,1800,5000,5000,500,5000,5000,45400,1500,1800,800,50100,3000,3000,900,200000,206088,233282,5000,1000,1000,2000,1100,1100,12600,4000,2000,20000,20000,2300,900,6500,2700,10000,5000,9400,
000001.SZ,000001,20170103,93151000,66,91000,24,24,19240,2000,5400,100,1000,900,1000,2000,2000,3000,1000,300,100,12200,3300,9900,4800,5000,800,500,100000,500,43100,2700,
000001.SZ,000001,20170103,93154000,65,91100,68,50,61580,700000,5000,1100,1500,17700,17800,17800,100,1900,600,17800,500,6300,13000,1800,5000,5000,500,5000,5000,45400,1500,1800,800,50100,3000,3000,900,200000,206088,233282,5000,1000,1000,2000,1100,1100,12600,4000,2000,20000,20000,2300,900,6500,2700,10000,5000,9400,
000001.SZ,000001,20170103,93154000,66,91000,26,26,18440,2000,5400,100,1000,900,1000,2000,2000,3000,1000,300,100,12200,3300,9900,4800,5000,800,500,100000,500,43100,2700,4000,200,
000001.SZ,000001,20170103,93157000,65,91100,68,50,61580,700000,5000,1100,1500,17700,17800,17800,100,1900,600,17800,500,6300,13000,1800,5000,5000,500,5000,5000,45400,1500,1800,800,50100,3000,3000,900,200000,206088,233282,5000,1000,1000,2000,1100,1100,12600,4000,2000,20000,20000,2300,900,6500,2700,10000,5000,9400,
000001.SZ,000001,20170103,93157000,66,91000,27,27,13440,2000,5400,100,1000,900,1000,2000,2000,3000,1000,300,100,12200,3300,9900,4800,5000,800,500,100000,500,43100,2700,4000,200,1500,
000001.SZ,000001,20170103,93200000,65,91100,69,50,58380,700000,5000,1100,1500,17700,17800,17800,100,1900,600,17800,500,6300,13000,1800,5000,5000,500,5000,5000,45400,1500,1800,800,50100,3000,3000,900,200000,206088,233282,5000,1000,1000,2000,1100,1100,12600,4000,2000,20000,20000,2300,900,6500,2700,10000,5000,9400,
000001.SZ,000001,20170103,93200000,66,91000,28,28,11540,2000,5400,100,1000,900,1000,2000,2000,3000,1000,300,100,12200,3300,9900,4800,5000,800,500,100000,500,43100,2700,4000,200,1500,300,
000001.SZ,000001,20170103,93203000,65,91100,69,50,52980,700000,5000,1100,1500,17700,17800,17800,100,1900,600,17800,500,6300,13000,1800,5000,5000,500,5000,5000,45400,1500,1800,800,50100,3000,3000,900,200000,206088,233282,5000,1000,1000,2000,1100,1100,12600,4000,2000,20000,20000,2300,900,6500,2700,10000,5000,9400,
000001.SZ,000001,20170103,93203000,66,91000,28,28,11440,2000,5400,100,1000,900,1000,2000,2000,3000,1000,300,100,12200,3300,9900,4800,5000,800,500,100000,500,43100,2700,4000,200,1500,300,
000001.SZ,000001,20170103,93206000,65,91100,71,50,51980,700000,5000,1100,1500,17700,17800,17800,100,1900,600,17800,500,6300,13000,1800,5000,5000,500,5000,5000,45400,1500,1800,800,50100,3000,3000,900,200000,206088,233282,5000,1000,1000,2000,1100,1100,12600,4000,2000,20000,20000,2300,900,6500,2700,10000,5000,9400,
000001.SZ,000001,20170103,93206000,66,91000,28,28,9840,2000,5400,100,1000,900,1000,2000,2000,3000,1000,300,100,12200,3300,9900,4800,5000,500,100000,500,43100,2700,4000,200,1500,300,3000,
000001.SZ,000001,20170103,93209000,65,91100,70,50,51080,700000,5000,1100,1500,17700,17800,17800,100,1900,600,17800,500,6300,13000,1800,5000,5000,500,5000,5000,45400,1500,1800,800,50100,3000,3000,900,200000,206088,233282,5000,1000,1000,2000,1100,1100,12600,4000,2000,20000,20000,2300,900,6500,2700,10000,5000,9400,
000001.SZ,000001,20170103,93209000,66,91000,27,27,5040,2000,5400,100,1000,900,1000,2000,2000,3000,1000,300,100,12200,3300,9900,4800,500,100000,500,43100,2700,4000,1500,300,3000,3600,
000001.SZ,000001,20170103,93212000,65,91100,71,50,51080,700000,5000,1100,1500,17700,17800,17800,100,1900,600,17800,500,6300,13000,1800,5000,5000,500,5000,5000,45400,1500,1800,800,50100,3000,3000,900,200000,206088,233282,5000,1000,1000,2000,1100,1100,12600,4000,2000,20000,20000,2300,900,6500,2700,10000,5000,9400,
000001.SZ,000001,20170103,93212000,66,91000,28,28,2040,100,1000,900,1000,2000,2000,3000,1000,300,100,12200,3300,9900,4800,500,100000,500,43100,2700,4000,1500,300,3000,3600,200,10000,3100,
000001.SZ,000001,20170103,93218000,65,91100,71,50,51080,700000,5000,1100,1500,17700,17800,17800,100,1900,600,17800,500,6300,13000,1800,5000,5000,500,5000,5000,45400,1500,1800,800,50100,3000,3000,900,200000,206088,233282,5000,1000,1000,2000,1100,1100,12600,4000,2000,20000,20000,2300,900,6500,2700,10000,5000,9400,
000001.SZ,000001,20170103,93218000,66,91000,26,26,380,2000,2000,3000,1000,300,100,12200,3300,9900,4800,500,100000,500,43100,2700,4000,1500,300,3000,3600,200,10000,3100,600,5900,
000001.SZ,000001,20170103,93221000,65,91100,70,50,21080,700000,5000,1100,1500,17700,17800,17800,100,1900,600,17800,500,6300,13000,1800,5000,5000,500,5000,45400,1500,1800,800,50100,3000,3000,900,200000,206088,233282,5000,1000,1000,2000,1100,1100,12600,4000,2000,20000,20000,2300,900,6500,2700,10000,5000,9400,11400,
000001.SZ,000001,20170103,93221000,66,91000,26,26,980,2000,3000,1000,300,100,12200,3300,9900,4800,500,100000,500,43100,2700,4000,1500,300,3000,3600,200,10000,3100,600,5900,1000,
000001.SZ,000001,20170103,93224000,65,91100,71,50,21080,700000,5000,1100,1500,17700,17800,17800,100,1900,600,17800,500,6300,13000,1800,5000,5000,500,5000,45400,1500,1800,800,50100,3000,3000,900,200000,206088,233282,5000,1000,1000,2000,1100,1100,12600,4000,2000,20000,20000,2300,900,6500,2700,10000,5000,9400,11400,
000001.SZ,000001,20170103,93224000,66,91000,29,29,180,2000,3000,1000,300,100,12200,3300,9900,4800,500,100000,500,43100,2700,4000,1500,300,3000,3600,200,10000,3100,600,5900,1000,18600,2000,500,
000001.SZ,000001,20170103,93227000,65,91100,72,50,21080,700000,5000,1100,1500,17700,17800,17800,100,1900,600,17800,500,6300,13000,1800,5000,5000,500,5000,45400,1500,1800,800,50100,3000,3000,900,200000,206088,233282,5000,1000,1000,2000,1100,1100,12600,4000,2000,20000,20000,2300,900,6500,2700,10000,5000,9400,11400,
000001.SZ,000001,20170103,93227000,66,91000,19,19,39380,500,43100,2700,4000,1500,300,3000,3600,200,10000,3100,600,5900,1000,18600,2000,500,600,
000001.SZ,000001,20170103,93230000,65,91100,72,50,21080,700000,5000,1100,1500,17700,17800,17800,100,1900,600,17800,500,6300,13000,1800,5000,5000,500,5000,45400,1500,1800,800,50100,3000,3000,900,200000,206088,233282,5000,1000,1000,2000,1100,1100,12600,4000,2000,20000,20000,2300,900,6500,2700,10000,5000,9400,11400,
000001.SZ,000001,20170103,93230000,66,91000,20,20,26480,500,43100,2700,4000,1500,300,3000,3600,200,10000,3100,600,5900,1000,18600,2000,500,600,3000,
000001.SZ,000001,20170103,93233000,65,91100,72,50,21080,700000,5000,1100,1500,17700,17800,17800,100,1900,600,17800,500,6300,13000,1800,5000,5000,500,5000,45400,1500,1800,800,50100,3000,3000,900,200000,206088,233282,5000,1000,1000,2000,1100,1100,12600,4000,2000,20000,20000,2300,900,6500,2700,10000,5000,9400,11400,
000001.SZ,000001,20170103,93233000,66,91000,22,22,26480,500,43100,2700,4000,1500,300,3000,3600,200,10000,3100,600,5900,1000,18600,2000,500,600,3000,800,2100,
000001.SZ,000001,20170103,93236000,65,91100,71,50,21080,700000,5000,1100,1500,17700,17800,17800,100,1900,600,17800,500,6300,13000,1800,5000,5000,500,5000,45400,1500,1800,800,50100,3000,3000,900,200000,206088,233282,5000,1000,1000,2000,1100,1100,12600,4000,2000,20000,20000,2300,900,6500,2700,10000,5000,9400,11400,
000001.SZ,000001,20170103,93236000,66,91000,23,23,25680,500,43100,2700,4000,1500,300,3000,3600,200,10000,3100,600,5900,1000,18600,2000,500,600,3000,800,2100,1600,
000001.SZ,000001,20170103,93239000,65,91100,72,50,19580,700000,5000,1100,1500,17700,17800,17800,100,1900,600,17800,500,6300,13000,1800,5000,5000,500,5000,45400,1500,1800,800,50100,3000,3000,900,200000,206088,233282,5000,1000,1000,2000,1100,1100,12600,4000,2000,20000,20000,2300,900,6500,2700,10000,5000,9400,11400,
000001.SZ,000001,20170103,93239000,66,91000,24,24,24080,500,43100,2700,4000,1500,300,3000,3600,200,10000,3100,600,5900,1000,18600,2000,500,600,3000,800,2100,1600,1500,
000001.SZ,000001,20170103,93242000,65,91100,73,50,19580,700000,5000,1100,1500,17700,17800,17800,100,1900,600,17800,500,6300,13000,1800,5000,5000,500,5000,45400,1500,1800,800,50100,3000,3000,900,200000,206088,233282,5000,1000,1000,2000,1100,1100,12600,4000,2000,20000,20000,2300,900,6500,2700,10000,5000,9400,11400,
000001.SZ,000001,20170103,93242000,66,91000,27,27,12980,500,43100,2700,4000,1500,300,3000,3600,200,10000,3100,600,5900,1000,18600,2000,500,600,3000,800,2100,1600,1500,2000,800,5000,
000001.SZ,000001,20170103,93245000,65,91100,75,50,19580,700000,5000,1100,1500,17700,17800,17800,100,1900,600,17800,500,6300,13000,1800,5000,5000,500,5000,45400,1500,1800,800,50100,3000,3000,900,200000,206088,233282,5000,1000,1000,2000,1100,1100,12600,4000,2000,20000,20000,2300,900,6500,2700,10000,5000,9400,11400,
000001.SZ,000001,20170103,93245000,66,91000,26,26,34080,2700,4000,1500,300,3000,3600,200,10000,3100,600,5900,1000,18600,2000,500,600,3000,800,2100,1600,1500,2000,800,5000,200,
000001.SZ,000001,20170103,93248000,65,91100,75,50,19380,700000,5000,1100,1500,17700,17800,17800,100,1900,600,17800,500,6300,13000,1800,5000,5000,500,5000,45400,1500,1800,800,50100,3000,3000,900,200000,206088,233282,5000,1000,1000,2000,1100,1100,12600,4000,2000,20000,20000,2300,900,6500,2700,10000,5000,9400,11400,
000001.SZ,000001,20170103,93248000,66,91000,29,29,27180,2700,4000,1500,300,3000,3600,200,10000,3100,600,5900,1000,18600,2000,500,600,3000,800,2100,1600,1500,2000,800,5000,200,9300,11100,1000,
000001.SZ,000001,20170103,93251000,65,91100,75,50,19080,700000,5000,1100,1500,17700,17800,17800,100,1900,600,17800,500,6300,13000,1800,5000,5000,500,5000,45400,1500,1800,800,50100,3000,3000,900,200000,206088,233282,5000,1000,1000,2000,1100,1100,12600,4000,2000,20000,20000,2300,900,6500,2700,10000,5000,9400,11400,
000001.SZ,000001,20170103,93251000,66,91000,23,23,2480,600,5900,1000,18600,2000,500,600,3000,800,2100,1600,1500,2000,800,5000,200,9300,11100,1000,2000,700,3000,
000001.SZ,000001,20170103,93254000,65,91000,1,1,35720,
000001.SZ,000001,20170103,93254000,66,90900,41,41,600,11500,2000,2000,400,1100,22000,5500,1800,5500,5800,500,2200,7800,1000,2700,100,800,500,50000,2300,2200,5000,8800,1000,2000,2000,600,50000,1300,100,2200,900,500,2000,3000,1300,500,800,4400,2000,
000001.SZ,000001,20170103,93257000,65,91000,4,4,1000,2200,716,4000,
000001.SZ,000001,20170103,93257000,66,90900,41,41,600,11500,2000,2000,400,1100,22000,5500,1800,5500,5800,500,2200,7800,1000,2700,100,800,500,50000,2300,2200,5000,8800,1000,2000,2000,600,50000,1300,100,2200,900,500,2000,3000,1300,500,800,4400,2000,
000001.SZ,000001,20170103,93300000,65,91000,4,4,1600,716,4000,2000,
000001.SZ,000001,20170103,93300000,66,90900,42,42,600,11500,2000,2000,400,1100,22000,5500,1800,5500,5800,500,2200,7800,1000,2700,100,800,500,50000,2300,2200,5000,8800,1000,2000,2000,600,50000,1300,100,2200,900,500,2000,3000,1300,500,800,4400,2000,1500,
000001.SZ,000001,20170103,93303000,65,91100,75,50,19080,700000,5000,1100,1500,17700,17800,17800,100,1900,600,17800,500,6300,13000,1800,5000,5000,500,5000,45400,1500,1800,800,50100,3000,3000,900,200000,206088,233282,5000,1000,1000,2000,1100,1100,12600,4000,2000,20000,20000,2300,900,6500,2700,10000,5000,9400,11400,
000001.SZ,000001,20170103,93303000,66,91000,3,3,1884,11700,1100,
000001.SZ,000001,20170103,93306000,65,91100,75,50,19080,700000,5000,1100,1500,17700,17800,17800,100,1900,600,17800,500,6300,13000,1800,5000,5000,500,5000,45400,1500,1800,800,50100,3000,3000,900,200000,206088,233282,5000,1000,1000,2000,1100,1100,12600,4000,2000,20000,20000,2300,900,6500,2700,10000,5000,9400,11400,
000001.SZ,000001,20170103,93306000,66,91000,6,6,784,11700,1100,600,300,800,
000001.SZ,000001,20170103,93309000,65,91100,74,50,19080,700000,5000,1100,1500,17700,17800,17800,100,1900,600,17800,500,6300,13000,1800,5000,5000,500,5000,45400,1500,1800,800,50100,3000,3000,900,200000,206088,233282,5000,1000,1000,2000,1100,1100,12600,4000,2000,20000,20000,2300,900,6500,2700,10000,5000,9400,11400,
000001.SZ,000001,20170103,93309000,66,91000,8,8,6484,1100,600,300,800,10000,700,5000,
000001.SZ,000001,20170103,93312000,65,91100,74,50,18980,700000,5000,1100,1500,17700,17800,17800,100,1900,600,17800,500,6300,13000,1800,5000,5000,500,5000,45400,1500,1800,800,50100,3000,3000,900,200000,206088,233282,5000,1000,1000,2000,1100,1100,12600,4000,2000,20000,20000,2300,900,6500,2700,10000,5000,9400,11400,
000001.SZ,000001,20170103,93312000,66,91000,5,5,7284,700,5000,8000,400,
000001.SZ,000001,20170103,93315000,65,91100,73,50,18980,700000,5000,1100,1500,17700,17800,17800,100,1900,600,17800,500,6300,13000,1800,5000,5000,500,5000,45400,1500,1800,800,50100,3000,3000,900,200000,206088,233282,5000,1000,1000,2000,1100,1100,12600,4000,2000,20000,20000,2300,900,6500,2700,10000,5000,9400,11400,
000001.SZ,000001,20170103,93315000,66,91000,5,5,984,400,600,1100,500,
000001.SZ,000001,20170103,93318000,65,91000,3,3,1116,200,1000,
000001.SZ,000001,20170103,93318000,66,90900,46,46,600,11500,2000,2000,400,1100,22000,5500,1800,5500,5800,500,2200,7800,1000,2700,100,800,500,50000,2300,2200,5000,8800,1000,2000,2000,600,50000,1300,100,2200,900,500,2000,1300,500,800,4400,2000,1500,11700,5000,500,2500,200,
000001.SZ,000001,20170103,93321000,65,91100,72,50,18980,700000,5000,1100,1500,17700,17800,17800,100,1900,600,17800,500,6300,13000,1800,5000,5000,500,5000,45400,1500,1800,800,50100,3000,3000,900,200000,206088,233282,5000,1000,1000,2000,1100,1100,12600,4000,2000,20000,20000,2300,900,6500,2700,10000,5000,9400,11400,
000001.SZ,000001,20170103,93321000,66,90900,40,40,9000,5500,1800,5500,5800,500,2200,7800,1000,2700,100,800,500,50000,2300,2200,5000,8800,1000,2000,2000,600,50000,1300,100,2200,900,500,2000,1300,500,800,4400,2000,1500,11700,5000,500,2500,200,
000001.SZ,000001,20170103,93324000,65,91100,72,50,18980,700000,5000,1100,1500,17700,17800,17800,100,1900,600,17800,500,6300,13000,1800,5000,5000,500,5000,45400,1500,1800,800,50100,3000,3000,900,200000,206088,233282,5000,1000,1000,2000,1100,1100,12600,4000,2000,20000,20000,2300,900,6500,2700,5000,9400,11400,10400,
000001.SZ,000001,20170103,93324000,66,91000,1,1,11000,
000001.SZ,000001,20170103,93327000,65,91100,71,50,18980,700000,5000,1100,1500,17700,17800,17800,100,1900,600,17800,500,6300,13000,1800,5000,5000,500,5000,45400,1500,800,50100,3000,3000,900,200000,206088,233282,5000,1000,1000,2000,1100,1100,12600,4000,2000,20000,20000,2300,900,6500,2700,5000,9400,11400,10400,1000,
000001.SZ,000001,20170103,93327000,66,91000,2,2,9700,15800,
000001.SZ,000001,20170103,93330000,65,91100,71,50,18980,700000,5000,1100,1500,17700,17800,17800,100,1900,600,17800,500,6300,13000,1800,5000,5000,500,5000,45400,1500,800,50100,3000,3000,900,200000,206088,233282,5000,1000,1000,2000,1100,1100,12600,4000,2000,20000,20000,2300,900,6500,2700,5000,9400,11400,10400,1000,
000001.SZ,000001,20170103,93330000,66,91000,2,2,9000,15800,
000001.SZ,000001,20170103,93333000,65,91100,71,50,18980,700000,5000,1100,1500,17700,17800,17800,100,1900,600,17800,500,6300,13000,1800,5000,5000,500,5000,45400,1500,800,50100,3000,3000,900,200000,206088,233282,5000,1000,1000,2000,1100,1100,12600,4000,2000,20000,20000,2300,900,6500,2700,5000,9400,11400,10400,1000,
000001.SZ,000001,20170103,93333000,66,91000,4,4,8200,15800,800,800,
000001.SZ,000001,20170103,93336000,65,91000,3,3,300,1600,500,
000001.SZ,000001,20170103,93336000,66,90900,43,43,6200,5500,1800,5500,5800,500,2200,7800,1000,2700,100,800,500,50000,2300,2200,5000,8800,1000,2000,2000,50000,1300,100,2200,900,500,2000,1300,500,800,4400,2000,1500,11700,5000,500,2500,200,5000,2000,20000,1600,
000001.SZ,000001,20170103,93339000,65,91100,69,50,18980,700000,5000,1100,1500,17700,17800,17800,100,1900,600,17800,500,6300,13000,1800,5000,5000,500,5000,45400,1500,800,50100,3000,3000,900,200000,206088,233282,5000,1000,1000,2000,1100,1100,12600,4000,2000,20000,20000,2300,900,6500,2700,5000,9400,11400,10400,1000,
000001.SZ,000001,20170103,93339000,66,91000,2,2,10600,700,
000001.SZ,000001,20170103,93342000,65,91100,69,50,17980,700000,5000,1100,1500,17700,17800,17800,100,1900,600,17800,500,6300,13000,1800,5000,5000,500,5000,45400,1500,800,50100,3000,3000,900,200000,206088,233282,5000,1000,1000,2000,1100,1100,12600,4000,2000,20000,20000,2300,900,6500,2700,5000,9400,11400,10400,1000,
000001.SZ,000001,20170103,93342000,66,91000,4,4,1600,700,11700,1500,
000001.SZ,000001,20170103,93345000,65,91100,69,50,17980,700000,5000,1100,1500,17700,17800,17800,100,1900,600,17800,500,6300,13000,1800,5000,5000,500,5000,45400,1500,800,50100,3000,3000,900,200000,206088,233282,5000,1000,1000,2000,1100,1100,12600,4000,2000,20000,20000,2300,900,6500,2700,5000,9400,11400,10400,1000,
000001.SZ,000001,20170103,93345000,66,91000,1,1,2300,
000001.SZ,000001,20170103,93348000,65,91000,2,2,2700,800,
000001.SZ,000001,20170103,93348000,66,90900,42,42,6200,5500,1800,5500,5800,500,2200,7800,1000,2700,100,800,500,50000,2300,2200,5000,8800,1000,2000,2000,50000,1300,100,2200,900,500,2000,500,800,4400,2000,1500,5000,500,2500,200,5000,2000,20000,4300,20000,
000001.SZ,000001,20170103,93351000,65,91000,4,4,2700,800,600,300,
000001.SZ,000001,20170103,93351000,66,90900,42,42,6200,5500,1800,5500,5800,500,2200,7800,1000,2700,100,800,500,50000,2300,2200,5000,8800,1000,2000,2000,50000,1300,100,2200,900,500,2000,500,800,4400,2000,1500,5000,500,2500,200,5000,2000,20000,4300,20000,
000001.SZ,000001,20170103,93354000,65,91000,3,3,700,600,300,
000001.SZ,000001,20170103,93354000,66,90900,41,41,6200,5500,1800,5500,5800,500,2200,7800,1000,2700,100,800,500,50000,2300,2200,5000,8800,1000,2000,2000,50000,1300,100,2200,900,500,2000,800,4400,2000,1500,5000,500,2500,200,5000,2000,20000,4300,20000,
000001.SZ,000001,20170103,93357000,65,91000,3,3,500,600,300,
000001.SZ,000001,20170103,93357000,66,90900,42,42,6100,5500,1800,5500,5800,500,2200,7800,1000,2700,100,800,500,50000,2300,2200,5000,8800,1000,2000,2000,50000,1300,100,2200,900,500,2000,800,4400,2000,1500,5000,500,2500,200,5000,2000,20000,4300,20000,1000,
000001.SZ,000001,20170103,93400000,65,91000,6,6,400,600,300,900,11200,100,
000001.SZ,000001,20170103,93400000,66,90900,43,43,6000,5500,1800,5500,5800,500,2200,7800,1000,2700,100,800,500,50000,2300,2200,5000,8800,1000,2000,2000,50000,1300,100,2200,900,500,2000,800,4400,2000,1500,5000,500,2500,200,5000,2000,20000,4300,20000,1000,600,
000001.SZ,000001,20170103,93403000,65,91000,7,7,200,600,300,900,11200,100,100,
000001.SZ,000001,20170103,93403000,66,90900,43,43,6000,5500,1800,5500,5800,500,2200,7800,1000,2700,100,800,500,50000,2300,2200,5000,8800,1000,2000,2000,50000,1300,100,2200,900,500,2000,800,4400,2000,1500,5000,500,2500,200,5000,2000,20000,4300,20000,1000,600,
000001.SZ,000001,20170103,93406000,65,91000,8,8,100,900,11200,100,100,1000,2000,600,
000001.SZ,000001,20170103,93406000,66,90900,46,46,3500,5500,1800,5500,5800,500,2200,7800,1000,2700,100,800,500,50000,2300,2200,5000,8800,1000,2000,2000,50000,1300,100,2200,900,500,2000,800,4400,2000,1500,5000,500,2500,200,5000,2000,20000,4300,20000,1000,600,3000,1000,500,
000001.SZ,000001,20170103,93409000,65,91000,7,7,8600,100,100,1000,2000,600,1800,
000001.SZ,000001,20170103,93409000,66,90900,47,47,3500,5500,1800,5500,5800,500,2200,7800,1000,2700,100,800,500,50000,2300,2200,5000,8800,1000,2000,2000,50000,1300,100,2200,900,500,2000,800,4400,2000,1500,5000,500,2500,200,5000,2000,20000,4300,20000,1000,600,3000,1000,500,700,
000001.SZ,000001,20170103,93412000,65,91000,8,8,8500,100,100,1000,2000,600,1800,1000,
000001.SZ,000001,20170103,93412000,66,90900,50,50,3500,5500,1800,5500,5800,500,2200,7800,1000,2700,100,800,500,50000,2300,2200,5000,8800,1000,2000,2000,50000,1300,100,2200,900,500,2000,800,4400,2000,1500,5000,500,2500,200,5000,2000,20000,4300,20000,1000,600,3000,1000,500,700,1000,1000,11700,
000001.SZ,000001,20170103,93415000,65,91000,1,1,3600,
000001.SZ,000001,20170103,93415000,66,90900,48,48,100,5500,5800,500,2200,7800,1000,2700,100,800,500,50000,2300,2200,5000,8800,1000,2000,2000,50000,1300,100,2200,900,500,2000,800,4400,2000,1500,5000,500,2500,200,5000,2000,20000,4300,20000,1000,600,3000,1000,500,700,1000,1000,11700,
000001.SZ,000001,20170103,93418000,65,91000,2,2,3000,500,
000001.SZ,000001,20170103,93418000,66,90900,47,47,4800,5800,500,2200,7800,1000,2700,100,800,500,50000,2300,2200,5000,8800,1000,2000,2000,50000,1300,100,2200,900,500,2000,800,4400,2000,1500,5000,500,2500,200,5000,2000,20000,4300,20000,1000,600,3000,1000,500,700,1000,1000,11700,
000001.SZ,000001,20170103,93421000,65,91000,5,5,3000,500,20000,1400,5700,
000001.SZ,000001,20170103,93421000,66,90900,50,50,4500,5800,500,2200,7800,1000,2700,100,800,500,50000,2300,2200,5000,8800,1000,2000,2000,50000,1300,100,2200,900,500,2000,800,4400,2000,1500,5000,500,2500,200,5000,2000,20000,4300,20000,1000,600,3000,1000,500,700,1000,1000,11700,2000,1000,1000,
000001.SZ,000001,20170103,93427000,65,91000,6,6,3000,500,20000,1400,5700,1200,
000001.SZ,000001,20170103,93427000,66,90900,53,50,1000,5800,500,2200,7800,1000,2700,100,800,500,50000,2300,2200,5000,8800,1000,2000,2000,50000,1300,100,2200,900,500,2000,800,4400,2000,1500,5000,500,2500,200,5000,2000,20000,4300,20000,1000,600,3000,1000,500,700,1000,1000,11700,2000,1000,1000,
000001.SZ,000001,20170103,93430000,65,91000,7,7,700,500,20000,1400,5700,1200,32300,
000001.SZ,000001,20170103,93430000,66,90900,55,50,800,5800,500,2200,7800,1000,2700,100,800,500,50000,2300,2200,5000,8800,1000,2000,2000,50000,1300,100,2200,900,500,2000,800,4400,2000,1500,5000,500,2500,200,5000,2000,20000,4300,20000,1000,600,3000,1000,500,700,1000,1000,11700,2000,1000,1000,
000001.SZ,000001,20170103,93433000,65,91000,8,8,700,500,20000,1400,5700,1200,32300,400,
000001.SZ,000001,20170103,93433000,66,90900,55,50,800,5800,500,2200,7800,1000,2700,100,800,500,50000,2300,2200,5000,8800,1000,2000,2000,50000,1300,100,2200,900,500,2000,800,4400,2000,1500,5000,500,2500,200,5000,2000,20000,4300,20000,1000,600,3000,1000,500,700,1000,1000,11700,2000,1000,1000,
000001.SZ,000001,20170103,93436000,65,91000,7,7,11200,1400,5700,1200,32300,400,500,
000001.SZ,000001,20170103,93436000,66,90900,54,50,800,5800,500,2200,7800,1000,2700,100,800,500,50000,2300,2200,5000,8800,1000,2000,2000,50000,1300,100,2200,900,500,2000,800,4400,2000,1500,5000,500,2500,200,5000,2000,20000,4300,20000,1000,600,3000,1000,500,1000,1000,11700,2000,1000,1000,2000,
000001.SZ,000001,20170103,93439000,65,91000,4,4,20600,400,500,5000,
000001.SZ,000001,20170103,93439000,66,90900,54,50,800,5800,500,2200,7800,1000,2700,100,800,500,50000,2300,2200,5000,8800,1000,2000,2000,50000,1300,100,2200,900,500,2000,800,4400,2000,1500,5000,500,2500,200,5000,2000,20000,4300,20000,1000,600,3000,1000,500,1000,1000,11700,2000,1000,1000,2000,
000001.SZ,000001,20170103,93442000,65,91000,7,7,20600,400,500,5000,800,2000,4000,
000001.SZ,000001,20170103,93442000,66,90900,54,50,700,5800,500,2200,7800,1000,2700,100,800,500,50000,2300,2200,5000,8800,1000,2000,2000,50000,1300,100,2200,900,500,2000,800,4400,2000,1500,5000,500,2500,200,5000,2000,20000,4300,20000,1000,600,3000,1000,500,1000,1000,11700,2000,1000,1000,2000,
000001.SZ,000001,20170103,93445000,65,91000,8,8,20500,400,500,5000,800,2000,4000,500,
000001.SZ,000001,20170103,93445000,66,90900,55,50,5700,500,2200,7800,1000,2700,100,800,500,50000,2300,2200,5000,8800,1000,2000,2000,50000,1300,100,2200,900,500,2000,800,4400,2000,1500,5000,500,2500,200,5000,2000,20000,4300,20000,1000,600,3000,1000,500,1000,1000,11700,2000,1000,1000,2000,3000,
000001.SZ,000001,20170103,93448000,65,91000,11,11,19500,400,500,5000,800,2000,4000,500,700,3000,6000,
000001.SZ,000001,20170103,93448000,66,90900,55,50,5700,500,2200,7800,1000,2700,100,800,500,50000,2300,2200,5000,8800,1000,2000,2000,50000,1300,100,2200,900,500,2000,800,4400,2000,1500,5000,500,2500,200,5000,2000,20000,4300,20000,1000,600,3000,1000,500,1000,1000,11700,2000,1000,1000,2000,3000,
000001.SZ,000001,20170103,93451000,65,91000,12,12,19100,400,500,5000,800,2000,4000,500,700,3000,6000,30000,
000001.SZ,000001,20170103,93451000,66,90900,55,50,3500,500,2200,7800,1000,2700,100,800,500,50000,2300,2200,5000,8800,1000,2000,2000,50000,1300,100,2200,900,500,2000,800,4400,2000,1500,5000,500,2500,200,5000,2000,20000,4300,20000,1000,600,3000,1000,500,1000,1000,11700,2000,1000,1000,2000,3000,
000001.SZ,000001,20170103,93454000,65,91000,14,14,16500,400,500,5000,800,2000,4000,500,700,3000,6000,30000,7000,920,
000001.SZ,000001,20170103,93454000,66,90900,56,50,3300,500,2200,7800,1000,2700,100,800,500,50000,2300,2200,5000,8800,1000,2000,2000,50000,1300,100,2200,900,500,2000,800,4400,2000,1500,5000,500,2500,200,5000,2000,20000,4300,20000,1000,600,3000,1000,500,1000,1000,11700,2000,1000,1000,2000,3000,
000001.SZ,000001,20170103,93457000,65,91000,14,14,10100,400,500,5000,800,2000,4000,500,700,3000,6000,30000,7000,920,
000001.SZ,000001,20170103,93457000,66,90900,56,50,3300,500,2200,7800,1000,2700,100,800,500,50000,2300,2200,5000,8800,1000,2000,2000,50000,1300,100,2200,900,500,2000,800,4400,2000,1500,5000,500,2500,200,5000,2000,20000,4300,20000,1000,600,3000,1000,500,1000,1000,11700,2000,1000,1000,2000,3000,
000001.SZ,000001,20170103,93500000,65,91000,16,16,10100,400,500,5000,800,2000,4000,500,700,3000,6000,30000,7000,920,15300,1000,
000001.SZ,000001,20170103,93500000,66,90900,58,50,3300,500,2200,7800,1000,2700,100,800,500,50000,2300,2200,5000,8800,1000,2000,2000,50000,1300,100,2200,900,500,2000,800,4400,2000,1500,5000,500,2500,200,5000,2000,20000,4300,20000,1000,600,3000,1000,500,1000,1000,11700,2000,1000,1000,2000,3000,
000001.SZ,000001,20170103,93503000,65,91000,17,17,10100,400,500,5000,800,2000,4000,500,700,3000,6000,30000,7000,920,15300,1000,3200,
000001.SZ,000001,20170103,93503000,66,90900,60,50,1300,500,2200,7800,1000,2700,100,800,500,50000,2300,2200,5000,8800,1000,2000,2000,50000,1300,100,2200,900,500,2000,800,4400,2000,1500,5000,500,2500,200,5000,2000,20000,4300,20000,1000,600,3000,1000,500,1000,1000,11700,2000,1000,1000,2000,3000,
000001.SZ,000001,20170103,93506000,65,91000,18,18,10100,400,500,5000,800,2000,4000,500,700,3000,6000,30000,7000,920,15300,1000,3200,10000,
000001.SZ,000001,20170103,93506000,66,90900,64,50,1300,500,2200,7800,1000,2700,100,800,500,50000,2300,2200,5000,8800,1000,2000,2000,50000,1300,100,2200,900,500,2000,800,4400,2000,1500,5000,500,2500,200,5000,2000,20000,4300,20000,1000,600,3000,1000,500,1000,1000,11700,2000,1000,1000,2000,3000,
000001.SZ,000001,20170103,93509000,65,91000,19,19,9500,400,500,5000,800,2000,4000,500,700,3000,6000,30000,7000,920,15300,1000,3200,10000,11100,
000001.SZ,000001,20170103,93509000,66,90900,65,50,700,500,2200,7800,1000,2700,100,800,500,50000,2300,2200,5000,8800,1000,2000,2000,50000,1300,100,2200,900,500,2000,800,4400,2000,1500,5000,500,2500,200,5000,2000,20000,4300,20000,1000,600,3000,1000,500,1000,1000,11700,2000,1000,1000,2000,3000,
000001.SZ,000001,20170103,93512000,65,91000,21,21,9500,400,500,5000,800,2000,4000,500,700,3000,6000,30000,7000,920,15300,1000,3200,10000,11100,1000,100,
000001.SZ,000001,20170103,93512000,66,90900,68,50,500,500,2200,7800,1000,2700,100,800,500,50000,2300,2200,5000,8800,1000,2000,2000,50000,1300,100,2200,900,500,2000,800,4400,2000,1500,5000,500,2500,200,5000,2000,20000,4300,20000,1000,600,3000,1000,500,1000,1000,11700,2000,1000,1000,2000,3000,
000001.SZ,000001,20170103,93515000,65,91000,22,22,9500,400,500,5000,800,2000,4000,500,700,3000,6000,30000,7000,920,15300,1000,3200,10000,11100,1000,100,2300,
000001.SZ,000001,20170103,93515000,66,90900,69,50,1800,7800,1000,2700,100,800,500,50000,2300,2200,5000,8800,1000,2000,2000,50000,1300,100,2200,900,500,2000,800,4400,2000,1500,5000,500,2500,200,5000,2000,20000,4300,20000,1000,600,3000,1000,500,1000,1000,11700,2000,1000,1000,2000,3000,1000,300,
000001.SZ,000001,20170103,93518000,65,91000,22,22,9500,400,500,5000,800,2000,4000,700,3000,6000,30000,7000,920,15300,1000,3200,11100,1000,100,2300,2000,2000,
000001.SZ,000001,20170103,93518000,66,90900,70,50,1800,7800,1000,2700,100,800,500,50000,2300,2200,5000,8800,1000,2000,2000,50000,1300,100,2200,900,500,2000,800,4400,2000,1500,5000,500,2500,200,5000,2000,20000,4300,20000,1000,600,3000,1000,500,1000,1000,11700,2000,1000,1000,2000,3000,1000,300,
000001.SZ,000001,20170103,93521000,65,91000,23,23,7500,400,500,5000,800,2000,4000,700,3000,6000,30000,7000,920,15300,1000,3200,11100,1000,100,2300,2000,2000,7000,
000001.SZ,000001,20170103,93521000,66,90900,71,50,1800,7800,1000,2700,100,800,500,50000,2300,2200,5000,8800,1000,2000,2000,50000,1300,100,2200,900,500,2000,800,4400,2000,1500,5000,500,2500,200,5000,2000,20000,4300,20000,1000,600,3000,1000,500,1000,1000,11700,2000,1000,1000,2000,3000,1000,300,
000001.SZ,000001,20170103,93524000,65,91000,2,2,6720,111600,
000001.SZ,000001,20170103,93524000,66,90900,71,50,1700,7800,1000,2700,100,800,500,50000,2300,2200,5000,8800,1000,2000,2000,50000,1300,100,2200,900,500,2000,800,4400,2000,1500,5000,500,2500,200,5000,2000,20000,4300,20000,1000,600,3000,1000,500,1000,1000,11700,2000,1000,1000,2000,3000,1000,300,
000001.SZ,000001,20170103,93527000,65,91000,3,3,6720,111600,2500,
000001.SZ,000001,20170103,93527000,66,90900,72,50,1700,7800,1000,2700,100,800,500,50000,2300,2200,5000,8800,1000,2000,2000,50000,1300,100,2200,900,500,2000,800,4400,2000,1500,5000,500,2500,200,5000,2000,20000,4300,20000,1000,600,3000,1000,500,1000,1000,11700,2000,1000,1000,2000,3000,1000,300,
000001.SZ,000001,20170103,93530000,65,91000,3,3,6720,111600,2500,
000001.SZ,000001,20170103,93530000,66,90900,74,50,1500,7800,1000,2700,100,800,500,50000,2300,2200,5000,8800,1000,2000,2000,50000,1300,100,2200,900,500,2000,800,4400,2000,1500,5000,500,2500,200,5000,2000,20000,4300,20000,1000,600,3000,1000,500,1000,1000,11700,2000,1000,1000,2000,3000,1000,300,
000001.SZ,000001,20170103,93533000,65,91000,5,5,1720,111600,2500,10000,20000,
000001.SZ,000001,20170103,93533000,66,90900,74,50,1100,7800,1000,2700,100,800,500,50000,2300,2200,5000,8800,1000,2000,2000,50000,1300,100,2200,900,500,2000,800,4400,2000,1500,5000,500,2500,200,5000,2000,20000,4300,20000,1000,600,3000,1000,500,1000,1000,11700,2000,1000,1000,2000,3000,1000,300,
000001.SZ,000001,20170103,93536000,65,91000,8,8,1420,111600,2500,10000,20000,11400,21000,3000,
000001.SZ,000001,20170103,93536000,66,90900,72,50,1100,7800,1000,2700,100,800,500,50000,2300,2200,5000,8800,1000,2000,2000,50000,1300,100,2200,900,500,2000,800,4400,2000,1500,5000,500,2500,200,5000,2000,20000,4300,20000,1000,600,3000,1000,500,1000,1000,11700,2000,1000,1000,2000,3000,1000,300,
000001.SZ,000001,20170103,93539000,65,91000,10,10,720,111600,2500,10000,20000,11400,21000,3000,7000,13000,
000001.SZ,000001,20170103,93539000,66,90900,73,50,1100,7800,1000,2700,100,800,500,50000,2300,2200,5000,8800,1000,2000,2000,50000,1300,100,2200,900,500,2000,800,4400,2000,1500,5000,500,2500,200,5000,2000,20000,4300,20000,1000,600,3000,1000,500,1000,1000,11700,2000,1000,1000,2000,3000,1000,300,
000001.SZ,000001,20170103,93542000,65,91000,11,11,92820,2500,10000,20000,11400,21000,3000,7000,13000,16000,800,
000001.SZ,000001,20170103,93542000,66,90900,76,50,300,7800,1000,2700,100,800,500,50000,2300,2200,5000,8800,1000,2000,2000,50000,1300,100,2200,900,500,2000,800,4400,2000,1500,5000,500,2500,200,5000,2000,20000,4300,20000,1000,600,3000,1000,500,1000,1000,11700,2000,1000,1000,2000,3000,1000,300,
000001.SZ,000001,20170103,93545000,65,91000,12,12,87720,2500,10000,20000,11400,21000,3000,7000,13000,16000,800,1700,
000001.SZ,000001,20170103,93545000,66,90900,76,50,100,7800,1000,2700,100,800,500,50000,2300,2200,5000,8800,1000,2000,2000,50000,1300,100,2200,900,500,2000,800,4400,2000,1500,5000,500,2500,200,5000,2000,20000,4300,20000,1000,600,3000,1000,500,1000,1000,11700,2000,1000,1000,2000,3000,1000,300,
000001.SZ,000001,20170103,93548000,65,91000,12,12,87520,2500,10000,20000,11400,21000,3000,7000,13000,16000,800,1700,
000001.SZ,000001,20170103,93548000,66,90900,79,50,100,7800,1000,2700,100,800,500,50000,2300,2200,5000,8800,1000,2000,2000,50000,1300,100,2200,900,500,2000,800,4400,2000,1500,5000,500,2500,200,5000,2000,20000,4300,20000,1000,600,3000,1000,500,1000,1000,11700,2000,1000,1000,2000,3000,1000,300,
000001.SZ,000001,20170103,93551000,65,91000,13,13,82520,2500,10000,20000,11400,21000,3000,7000,13000,16000,800,1700,500,
000001.SZ,000001,20170103,93551000,66,90900,80,50,100,7800,1000,2700,100,800,500,50000,2300,2200,5000,8800,1000,2000,2000,50000,1300,100,2200,900,500,2000,800,4400,2000,1500,5000,500,2500,200,5000,2000,20000,4300,20000,1000,600,3000,1000,500,1000,1000,11700,2000,1000,1000,2000,3000,1000,300,
000001.SZ,000001,20170103,93554000,65,91000,14,14,81620,2500,10000,20000,11400,21000,3000,7000,13000,16000,800,1700,500,2000,
000001.SZ,000001,20170103,93554000,66,90900,81,50,100,7800,1000,2700,100,800,500,50000,2300,2200,5000,8800,1000,2000,2000,50000,1300,100,2200,900,500,2000,800,4400,2000,1500,5000,500,2500,200,5000,2000,20000,4300,20000,1000,600,3000,1000,500,1000,1000,11700,2000,1000,1000,2000,3000,1000,300,
000001.SZ,000001,20170103,93557000,65,91000,15,15,81620,2500,10000,20000,11400,21000,3000,7000,13000,16000,800,1700,500,2000,2000,
000001.SZ,000001,20170103,93557000,66,90900,82,50,7700,1000,2700,100,800,500,50000,2300,2200,5000,8800,1000,2000,2000,50000,1300,100,2200,900,500,2000,800,4400,2000,1500,5000,500,2500,200,5000,2000,20000,4300,20000,1000,600,3000,1000,500,1000,1000,11700,2000,1000,1000,2000,3000,1000,300,3200,
000001.SZ,000001,20170103,93600000,65,91000,15,15,71620,2500,10000,20000,11400,21000,3000,7000,13000,16000,800,1700,500,2000,2000,
000001.SZ,000001,20170103,93600000,66,90900,83,50,7600,1000,2700,100,800,500,50000,2300,2200,5000,8800,1000,2000,2000,50000,1300,100,2200,900,500,2000,800,4400,2000,1500,5000,500,2500,200,5000,2000,20000,4300,20000,1000,600,3000,1000,500,1000,1000,11700,2000,1000,1000,2000,3000,1000,300,3200,
000001.SZ,000001,20170103,93603000,65,91000,16,16,67220,2500,10000,20000,11400,21000,3000,7000,13000,16000,800,1700,500,2000,2000,2000,
000001.SZ,000001,20170103,93603000,66,90900,86,50,7600,1000,2700,100,800,500,50000,2300,2200,5000,8800,1000,2000,2000,50000,1300,100,2200,900,500,2000,800,4400,2000,1500,5000,500,2500,200,5000,2000,20000,4300,20000,1000,600,3000,1000,500,1000,1000,11700,2000,1000,1000,2000,3000,1000,300,3200,
000001.SZ,000001,20170103,93606000,65,91000,17,17,44620,2500,10000,20000,11400,21000,3000,7000,13000,16000,800,1700,500,2000,2000,2000,34500,
000001.SZ,000001,20170103,93606000,66,90900,87,50,5600,1000,2700,100,800,500,50000,2300,2200,5000,8800,1000,2000,2000,50000,1300,100,2200,900,500,2000,800,4400,2000,1500,5000,500,2500,200,5000,2000,20000,4300,20000,1000,600,3000,1000,500,1000,1000,11700,2000,1000,1000,2000,3000,1000,300,3200,
000001.SZ,000001,20170103,93609000,65,91000,19,19,42520,2500,10000,20000,11400,21000,3000,7000,13000,16000,800,1700,500,2000,2000,2000,34500,2000,10000,
000001.SZ,000001,20170103,93609000,66,90900,90,50,5600,1000,2700,100,800,500,50000,2300,2200,5000,8800,1000,2000,2000,50000,1300,100,2200,900,500,2000,800,4400,2000,1500,5000,500,2500,200,5000,2000,20000,4300,20000,1000,600,3000,1000,500,1000,1000,11700,2000,1000,1000,2000,3000,1000,300,3200,
000001.SZ,000001,20170103,93612000,65,91000,19,19,36820,2500,10000,20000,11400,21000,3000,7000,13000,16000,800,1700,500,2000,2000,2000,34500,2000,10000,
000001.SZ,000001,20170103,93612000,66,90900,91,50,4600,1000,2700,100,800,500,50000,2300,2200,5000,8800,1000,2000,2000,50000,1300,100,2200,900,500,2000,800,4400,2000,1500,5000,500,2500,200,5000,2000,20000,4300,20000,1000,600,3000,1000,500,1000,1000,11700,2000,1000,1000,2000,3000,1000,300,3200,
000001.SZ,000001,20170103,93615000,65,91000,20,20,12820,2500,10000,20000,11400,21000,3000,7000,13000,16000,800,1700,500,2000,2000,2000,34500,2000,10000,3300,
000001.SZ,000001,20170103,93615000,66,90900,94,50,4600,1000,2700,100,800,500,50000,2300,2200,5000,8800,1000,2000,2000,50000,1300,100,2200,900,500,2000,800,4400,2000,1500,5000,500,2500,200,5000,2000,20000,4300,20000,1000,600,3000,1000,500,1000,1000,11700,2000,1000,1000,2000,3000,1000,300,3200,
000001.SZ,000001,20170103,93618000,65,91000,18,18,5120,11400,21000,3000,7000,13000,16000,800,1700,500,2000,2000,2000,34500,2000,10000,3300,1000,
000001.SZ,000001,20170103,93618000,66,90900,94,50,4600,1000,2700,100,800,500,50000,2300,2200,5000,8800,1000,2000,2000,50000,1300,100,2200,900,500,2000,800,4400,2000,1500,5000,500,2500,200,5000,2000,20000,4300,20000,1000,600,3000,1000,500,1000,1000,11700,2000,1000,1000,2000,3000,1000,300,3200,
000001.SZ,000001,20170103,93621000,65,91000,19,19,5120,11400,21000,3000,7000,13000,16000,800,1700,500,2000,2000,2000,34500,2000,10000,3300,1000,500000,
000001.SZ,000001,20170103,93621000,66,90900,94,50,4600,1000,2700,100,800,500,50000,2300,2200,5000,8800,1000,2000,2000,50000,1300,100,2200,900,500,2000,800,4400,2000,1500,5000,500,2500,200,5000,2000,20000,4300,20000,1000,600,3000,1000,500,1000,1000,11700,2000,1000,1000,2000,3000,1000,300,3200,
000001.SZ,000001,20170103,93624000,65,91000,19,19,5120,11400,21000,3000,7000,13000,16000,800,1700,500,2000,2000,2000,34500,2000,10000,3300,1000,500000,
000001.SZ,000001,20170103,93624000,66,90900,91,50,1300,100,800,500,50000,2300,2200,5000,8800,1000,2000,2000,50000,1300,100,2200,900,500,2000,800,4400,2000,1500,5000,500,2500,200,5000,2000,20000,4300,20000,1000,600,3000,1000,500,1000,1000,11700,2000,1000,1000,2000,3000,1000,300,3200,500,4000,
000001.SZ,000001,20170103,93627000,65,91000,19,19,2120,11400,21000,3000,7000,13000,16000,800,1700,500,2000,2000,2000,34500,2000,10000,3300,1000,500000,
000001.SZ,000001,20170103,93627000,66,90900,92,50,1100,100,800,500,50000,2300,2200,5000,8800,1000,2000,2000,50000,1300,100,2200,900,500,2000,800,4400,2000,1500,5000,500,2500,200,5000,2000,20000,4300,20000,1000,600,3000,1000,500,1000,1000,11700,2000,1000,1000,2000,3000,1000,300,3200,500,4000,
000001.SZ,000001,20170103,93633000,65,91000,20,20,3520,21000,3000,7000,13000,16000,800,1700,500,2000,2000,2000,34500,2000,10000,3300,1000,500000,1600,1400,
000001.SZ,000001,20170103,93633000,66,90900,94,50,1000,100,800,500,50000,2300,2200,5000,8800,1000,2000,2000,50000,1300,100,2200,900,500,2000,800,4400,2000,1500,5000,500,2500,200,5000,2000,20000,4300,20000,1000,600,3000,1000,500,1000,1000,11700,2000,1000,1000,2000,3000,1000,300,3200,500,4000,
000001.SZ,000001,20170103,93636000,65,91000,22,22,3520,21000,3000,7000,13000,16000,800,1700,500,2000,2000,2000,34500,2000,10000,3300,1000,500000,1600,1400,10000,5300,
000001.SZ,000001,20170103,93636000,66,90900,95,50,1000,100,800,500,50000,2300,2200,5000,8800,1000,2000,2000,50000,1300,100,2200,900,500,2000,800,4400,2000,1500,5000,500,2500,200,5000,2000,20000,4300,20000,1000,600,3000,1000,500,1000,1000,11700,2000,1000,1000,2000,3000,1000,300,3200,500,4000,
000001.SZ,000001,20170103,93639000,65,91000,22,22,4520,3000,7000,13000,16000,800,1700,500,2000,2000,2000,34500,2000,10000,3300,1000,500000,1600,1400,10000,5300,9700,
000001.SZ,000001,20170103,93639000,66,90900,97,50,200,100,800,500,50000,2300,2200,5000,8800,1000,2000,2000,50000,1300,100,2200,900,500,2000,800,4400,2000,1500,5000,500,2500,200,5000,2000,20000,4300,20000,1000,600,3000,1000,500,1000,1000,11700,2000,1000,1000,2000,3000,1000,300,3200,500,4000,
000001.SZ,000001,20170103,93642000,65,91000,19,19,12520,16000,800,1700,500,2000,2000,2000,34500,2000,10000,3300,1000,500000,1600,1400,10000,5300,9700,
000001.SZ,000001,20170103,93642000,66,90900,96,50,100,800,500,50000,2300,2200,5000,8800,1000,2000,2000,50000,1300,100,2200,900,500,2000,800,4400,2000,1500,5000,500,2500,200,5000,2000,20000,4300,20000,1000,600,3000,1000,500,1000,1000,11700,2000,1000,1000,2000,3000,1000,300,3200,500,4000,1000,
000001.SZ,000001,20170103,93645000,65,91000,19,19,10420,16000,800,1700,500,2000,2000,2000,34500,2000,10000,3300,1000,500000,1600,1400,10000,5300,9700,
000001.SZ,000001,20170103,93645000,66,90900,95,50,800,500,50000,2300,2200,5000,8800,1000,2000,2000,50000,1300,100,2200,900,500,2000,800,4400,2000,1500,5000,500,2500,200,5000,2000,20000,4300,20000,1000,600,3000,1000,500,1000,1000,11700,2000,1000,1000,2000,3000,1000,300,3200,500,4000,1000,1300,
000001.SZ,000001,20170103,93651000,65,91000,19,19,10420,16000,800,1700,500,2000,2000,2000,34500,2000,10000,3300,1000,500000,1600,1400,10000,5300,9700,
000001.SZ,000001,20170103,93651000,66,90900,96,50,600,500,50000,2300,2200,5000,8800,1000,2000,2000,50000,1300,100,2200,900,500,2000,800,4400,2000,1500,5000,500,2500,200,5000,2000,20000,4300,20000,1000,600,3000,1000,500,1000,1000,11700,2000,1000,1000,2000,3000,1000,300,3200,500,4000,1000,1300,
000001.SZ,000001,20170103,93654000,65,91000,21,21,10420,16000,800,1700,500,2000,2000,2000,34500,2000,10000,3300,1000,500000,1600,1400,10000,5300,9700,6400,206088,
000001.SZ,000001,20170103,93654000,66,90900,96,50,600,500,50000,2300,2200,5000,8800,1000,2000,2000,50000,1300,100,2200,900,500,2000,800,4400,2000,1500,5000,500,2500,200,5000,2000,20000,4300,20000,1000,600,3000,1000,500,1000,1000,11700,2000,1000,1000,2000,3000,1000,300,3200,500,4000,1000,1300,
000001.SZ,000001,20170103,93657000,65,91000,22,22,8420,16000,800,1700,500,2000,2000,2000,34500,2000,10000,3300,1000,500000,1600,1400,10000,5300,9700,6400,206088,2000,
000001.SZ,000001,20170103,93657000,66,90900,96,50,600,500,50000,2300,2200,5000,8800,1000,2000,2000,50000,1300,100,2200,900,500,2000,800,4400,2000,1500,5000,500,2500,200,5000,2000,20000,4300,20000,1000,600,3000,1000,500,1000,1000,11700,2000,1000,1000,2000,3000,1000,300,3200,500,4000,1000,1300,
000001.SZ,000001,20170103,93700000,65,91000,24,24,7420,16000,800,1700,500,2000,2000,2000,34500,2000,10000,3300,1000,500000,1600,1400,10000,5300,9700,6400,206088,2000,1100,9100,
000001.SZ,000001,20170103,93700000,66,90900,97,50,600,500,50000,2300,2200,5000,8800,1000,2000,2000,50000,1300,100,2200,900,500,2000,800,4400,2000,1500,5000,500,2500,200,5000,2000,20000,4300,20000,1000,600,3000,1000,500,1000,1000,11700,2000,1000,1000,2000,3000,1000,3200,500,4000,1000,1300,1200,
000001.SZ,000001,20170103,93703000,65,91000,23,23,2420,16000,800,500,2000,2000,2000,34500,2000,10000,3300,1000,500000,1600,1400,10000,5300,9700,6400,206088,2000,1100,9100,
000001.SZ,000001,20170103,93703000,66,90900,98,50,48700,2300,2200,5000,8800,1000,2000,2000,50000,1300,100,2200,900,500,2000,800,4400,2000,1500,5000,500,2500,200,5000,2000,20000,4300,20000,1000,600,3000,1000,500,1000,1000,11700,2000,1000,1000,2000,3000,1000,3200,500,4000,1000,1300,1200,4100,1000,
000001.SZ,000001,20170103,93706000,65,91000,24,24,2420,16000,800,500,2000,2000,2000,34500,2000,10000,3300,1000,500000,1600,1400,10000,5300,9700,6400,206088,2000,1100,9100,1000,
000001.SZ,000001,20170103,93706000,66,90900,97,50,48700,2300,2200,5000,8800,1000,2000,2000,50000,1300,100,2200,900,500,2000,800,4400,2000,1500,5000,500,2500,200,5000,2000,20000,4300,20000,1000,600,3000,1000,500,1000,1000,11700,2000,1000,1000,2000,3000,1000,3200,500,4000,1000,1300,1200,4100,1000,
000001.SZ,000001,20170103,93709000,65,91000,27,27,20,16000,800,500,2000,2000,2000,34500,2000,10000,3300,1000,500000,1600,1400,10000,5300,9700,6400,206088,2000,1100,9100,1000,7000,1500,5573,
000001.SZ,000001,20170103,93709000,66,90900,98,50,37800,2300,2200,5000,8800,1000,2000,2000,50000,1300,100,2200,900,500,2000,800,4400,2000,1500,5000,500,2500,200,5000,2000,20000,4300,20000,1000,600,3000,1000,500,1000,1000,11700,2000,1000,1000,2000,3000,1000,3200,500,4000,1000,1300,1200,4100,1000,
000001.SZ,000001,20170103,93715000,65,91000,26,26,11720,800,500,2000,2000,2000,34500,2000,10000,3300,1000,500000,1600,1400,10000,5300,9700,6400,206088,2000,1100,9100,1000,7000,1500,5573,
000001.SZ,000001,20170103,93715000,66,90900,100,50,37700,2300,2200,5000,8800,1000,2000,2000,50000,1300,100,2200,900,500,2000,800,4400,2000,1500,5000,500,2500,200,5000,2000,20000,4300,20000,1000,600,3000,1000,500,1000,1000,11700,2000,1000,1000,2000,3000,1000,3200,500,4000,1000,1300,1200,4100,1000,
000001.SZ,000001,20170103,93718000,65,91000,27,27,11720,800,500,2000,2000,2000,34500,2000,10000,3300,1000,500000,1600,1400,10000,5300,9700,6400,206088,2000,1100,9100,1000,7000,1500,5573,600,
000001.SZ,000001,20170103,93718000,66,90900,102,50,37500,2300,2200,5000,8800,1000,2000,2000,50000,1300,100,2200,900,500,2000,800,4400,2000,1500,5000,500,2500,200,5000,2000,20000,4300,20000,1000,600,3000,1000,500,1000,1000,11700,2000,1000,1000,2000,3000,1000,3200,500,4000,1000,1300,1200,4100,1000,
000001.SZ,000001,20170103,93721000,65,91000,27,27,6120,800,500,2000,2000,2000,34500,2000,10000,3300,1000,500000,1600,1400,10000,5300,9700,6400,206088,2000,1100,9100,1000,7000,1500,5573,600,
000001.SZ,000001,20170103,93721000,66,90900,103,50,37500,2300,2200,5000,8800,1000,2000,2000,50000,1300,100,2200,900,500,2000,800,4400,2000,1500,5000,500,2500,200,5000,2000,20000,4300,20000,1000,600,3000,1000,500,1000,1000,11700,2000,1000,1000,2000,3000,1000,3200,500,4000,1000,1300,1200,4100,1000,
000001.SZ,000001,20170103,93724000,65,91000,22,22,33020,2000,10000,3300,1000,500000,1600,1400,10000,5300,9700,6400,206088,2000,1100,9100,1000,7000,1500,5573,600,2000,
000001.SZ,000001,20170103,93724000,66,90900,104,50,25800,2300,2200,5000,8800,1000,2000,2000,50000,1300,100,2200,900,500,2000,800,4400,2000,1500,5000,500,2500,200,5000,2000,20000,4300,20000,1000,600,3000,1000,500,1000,1000,11700,2000,1000,1000,2000,3000,1000,3200,500,4000,1000,1300,1200,4100,1000,
000001.SZ,000001,20170103,93727000,65,91000,23,23,33020,2000,10000,3300,1000,500000,1600,1400,10000,5300,9700,6400,206088,2000,1100,9100,1000,7000,1500,600,2000,2000,2000,
000001.SZ,000001,20170103,93727000,66,90900,104,50,22300,2300,2200,5000,8800,1000,2000,2000,50000,1300,100,2200,900,500,2000,800,4400,2000,1500,5000,500,2500,200,5000,2000,20000,4300,20000,1000,600,3000,1000,500,1000,1000,11700,2000,1000,1000,2000,3000,1000,3200,500,4000,1000,1300,1200,4100,1000,
000001.SZ,000001,20170103,93733000,65,91000,23,23,13820,2000,10000,3300,1000,500000,1600,1400,10000,5300,9700,6400,206088,2000,1100,9100,1000,7000,1500,600,2000,2000,2000,
000001.SZ,000001,20170103,93733000,66,90900,111,50,4800,2300,2200,5000,8800,1000,2000,2000,50000,1300,100,2200,900,500,2000,800,4400,2000,1500,5000,500,2500,200,5000,2000,20000,4300,20000,1000,600,3000,1000,500,1000,1000,11700,2000,1000,1000,2000,3000,1000,3200,500,4000,1000,1300,1200,4100,1000,
000001.SZ,000001,20170103,93736000,65,91000,24,24,13720,2000,10000,3300,1000,500000,1600,1400,10000,5300,9700,6400,206088,2000,1100,9100,1000,7000,1500,600,2000,2000,2000,200000,
000001.SZ,000001,20170103,93736000,66,90900,110,50,4000,2300,2200,5000,8800,1000,2000,2000,50000,1300,100,2200,900,500,2000,800,4400,2000,1500,5000,500,200,5000,2000,20000,4300,20000,1000,600,3000,1000,500,1000,1000,11700,2000,1000,1000,2000,3000,1000,3200,500,4000,1000,1300,1200,4100,1000,2000,
000001.SZ,000001,20170103,93739000,65,91000,24,24,1220,2000,10000,3300,1000,500000,1600,1400,10000,5300,9700,6400,206088,2000,1100,9100,1000,7000,1500,600,2000,2000,2000,200000,
000001.SZ,000001,20170103,93739000,66,90900,110,50,1727,5000,8800,1000,2000,2000,50000,1300,100,2200,900,500,2000,800,4400,2000,1500,5000,500,200,5000,2000,20000,4300,20000,1000,600,3000,1000,500,1000,1000,11700,2000,1000,1000,2000,3000,1000,3200,500,4000,1000,1300,1200,4100,1000,2000,50000,60000,
000001.SZ,000001,20170103,93742000,65,91000,25,25,1220,2000,10000,3300,1000,500000,1600,1400,10000,5300,9700,6400,206088,2000,1100,9100,1000,7000,1500,600,2000,2000,2000,200000,5000,
000001.SZ,000001,20170103,93742000,66,90900,110,50,1727,5000,8800,1000,2000,2000,50000,1300,100,2200,900,500,2000,800,4400,2000,1500,5000,500,200,5000,2000,20000,4300,20000,1000,600,3000,1000,500,1000,1000,11700,2000,1000,1000,2000,3000,1000,3200,500,4000,1000,1300,1200,4100,1000,2000,50000,60000,
000001.SZ,000001,20170103,93745000,65,91000,26,26,1220,2000,10000,3300,1000,500000,1600,1400,10000,5300,9700,6400,206088,2000,1100,9100,1000,7000,1500,600,2000,2000,2000,200000,5000,4000,
000001.SZ,000001,20170103,93745000,66,90900,111,50,1727,5000,8800,1000,2000,2000,50000,1300,100,2200,900,500,2000,800,4400,2000,1500,5000,500,200,5000,2000,20000,4300,20000,1000,600,3000,1000,500,1000,1000,11700,2000,1000,1000,2000,3000,1000,3200,500,4000,1000,1300,1200,4100,1000,2000,50000,60000,
000001.SZ,000001,20170103,93751000,65,91000,27,27,920,2000,10000,3300,1000,500000,1600,1400,10000,5300,9700,6400,206088,2000,1100,9100,1000,7000,1500,600,2000,2000,2000,200000,5000,4000,10000,
000001.SZ,000001,20170103,93751000,66,90900,111,50,4427,8800,1000,2000,2000,50000,1300,100,2200,900,500,2000,800,4400,2000,1500,5000,500,200,5000,2000,20000,4300,20000,1000,600,3000,1000,500,1000,1000,11700,2000,1000,1000,2000,3000,1000,3200,500,4000,1000,1300,1200,4100,1000,2000,50000,60000,1700,
000001.SZ,000001,20170103,93754000,65,91000,27,27,320,10000,3300,1000,500000,1600,1400,10000,5300,9700,6400,206088,2000,1100,9100,1000,7000,1500,600,2000,2000,2000,200000,5000,4000,10000,2300,
000001.SZ,000001,20170103,93754000,66,90900,114,50,2227,8800,1000,2000,2000,50000,1300,100,2200,900,500,2000,800,4400,2000,1500,5000,500,200,5000,2000,20000,4300,20000,1000,600,3000,1000,500,1000,1000,11700,2000,1000,1000,2000,3000,1000,3200,500,4000,1000,1300,1200,4100,1000,2000,50000,60000,1700,
000001.SZ,000001,20170103,93757000,65,91000,26,26,1120,3300,1000,500000,1600,1400,10000,5300,9700,6400,206088,2000,1100,9100,1000,7000,1500,600,2000,2000,2000,200000,5000,4000,10000,2300,
000001.SZ,000001,20170103,93757000,66,90900,114,50,2227,8800,1000,2000,2000,50000,1300,100,2200,900,500,2000,800,4400,2000,1500,5000,500,200,5000,2000,20000,4300,20000,1000,600,3000,1000,500,1000,1000,11700,2000,1000,1000,2000,3000,1000,3200,500,4000,1000,1300,1200,4100,1000,2000,50000,60000,1700,
000001.SZ,000001,20170103,93800000,65,91000,26,26,1120,3300,1000,500000,1600,1400,10000,5300,9700,6400,206088,2000,1100,9100,1000,7000,1500,600,2000,2000,2000,200000,5000,4000,10000,2300,
000001.SZ,000001,20170103,93800000,66,90900,115,50,2027,8800,1000,2000,2000,50000,1300,100,2200,900,500,2000,800,4400,2000,1500,5000,500,200,5000,2000,20000,4300,20000,1000,600,3000,1000,500,1000,1000,11700,2000,1000,1000,2000,3000,1000,3200,500,4000,1000,1300,1200,4100,1000,2000,50000,60000,1700,
000001.SZ,000001,20170103,93803000,65,91000,26,26,120,3300,1000,500000,1600,1400,10000,5300,9700,6400,206088,2000,1100,9100,1000,7000,1500,600,2000,2000,2000,200000,5000,4000,10000,2300,
000001.SZ,000001,20170103,93803000,66,90900,116,50,2027,8800,1000,2000,2000,50000,1300,100,2200,900,500,2000,800,4400,2000,1500,5000,500,200,5000,2000,20000,4300,20000,1000,600,3000,1000,500,1000,1000,11700,2000,1000,1000,2000,3000,1000,3200,500,4000,1000,1300,1200,4100,1000,2000,50000,60000,1700,
000001.SZ,000001,20170103,93806000,65,91000,27,27,120,3300,1000,500000,1600,1400,10000,5300,9700,6400,206088,2000,1100,9100,1000,7000,1500,600,2000,2000,2000,200000,5000,4000,10000,2300,89900,
000001.SZ,000001,20170103,93806000,66,90900,117,50,1227,8800,1000,2000,2000,50000,1300,100,2200,900,500,2000,800,4400,2000,1500,5000,500,200,5000,2000,20000,4300,20000,1000,600,3000,1000,500,1000,1000,11700,2000,1000,1000,2000,3000,1000,3200,500,4000,1000,1300,1200,4100,1000,2000,50000,60000,1700,
000001.SZ,000001,20170103,93809000,65,91000,27,27,120,3300,1000,500000,1600,1400,10000,5300,9700,6400,206088,2000,1100,9100,1000,7000,1500,600,2000,2000,2000,200000,5000,4000,10000,2300,89900,
000001.SZ,000001,20170103,93809000,66,90900,119,50,427,8800,1000,2000,2000,50000,1300,100,2200,900,500,2000,800,4400,2000,1500,5000,500,200,5000,2000,20000,4300,20000,1000,600,3000,1000,500,1000,1000,11700,2000,1000,1000,2000,3000,1000,3200,500,4000,1000,1300,1200,4100,1000,2000,50000,60000,1700,
000001.SZ,000001,20170103,93812000,65,91000,25,25,474420,1600,1400,10000,5300,9700,6400,206088,2000,1100,9100,1000,7000,1500,600,2000,2000,2000,200000,5000,4000,10000,2300,89900,9000,
000001.SZ,000001,20170103,93812000,66,90900,122,50,227,8800,1000,2000,2000,50000,1300,100,2200,900,500,2000,800,4400,2000,1500,5000,500,200,5000,2000,20000,4300,20000,1000,600,3000,1000,500,1000,1000,11700,2000,1000,1000,2000,3000,1000,3200,500,4000,1000,1300,1200,4100,1000,2000,50000,60000,1700,
000001.SZ,000001,20170103,93815000,65,91000,26,26,474420,1600,1400,10000,5300,9700,6400,206088,2000,1100,9100,1000,7000,1500,600,2000,2000,2000,200000,5000,4000,10000,2300,89900,9000,3600,
000001.SZ,000001,20170103,93815000,66,90900,123,50,227,8800,1000,2000,2000,50000,1300,100,2200,900,500,2000,800,4400,2000,1500,5000,500,200,5000,2000,20000,4300,20000,1000,600,3000,1000,500,1000,1000,11700,2000,1000,1000,2000,3000,1000,3200,500,4000,1000,1300,1200,4100,1000,2000,50000,60000,1700,
000001.SZ,000001,20170103,93818000,65,91000,26,26,473220,1600,1400,10000,5300,9700,6400,206088,2000,1100,9100,1000,7000,1500,600,2000,2000,2000,200000,5000,4000,10000,2300,89900,9000,3600,
000001.SZ,000001,20170103,93818000,66,90900,123,50,227,8800,1000,2000,2000,50000,1300,100,2200,900,500,2000,800,4400,2000,1500,5000,500,200,5000,2000,20000,4300,20000,1000,600,3000,1000,500,1000,1000,11700,2000,1000,1000,2000,3000,1000,3200,500,4000,1000,1300,1200,4100,1000,2000,50000,60000,1700,
000001.SZ,000001,20170103,93821000,65,91000,26,26,469020,1600,1400,10000,5300,9700,6400,206088,2000,1100,9100,1000,7000,1500,600,2000,2000,2000,200000,5000,4000,10000,2300,89900,9000,3600,
000001.SZ,000001,20170103,93821000,66,90900,135,50,227,8800,1000,2000,2000,50000,1300,100,2200,900,500,2000,800,4400,2000,1500,5000,500,200,5000,2000,20000,4300,20000,1000,600,3000,1000,500,1000,1000,11700,2000,1000,1000,2000,3000,1000,3200,500,4000,1000,1300,1200,4100,1000,2000,50000,60000,1700,
000001.SZ,000001,20170103,93824000,65,91000,27,27,468020,1600,1400,10000,5300,9700,6400,206088,2000,1100,9100,1000,7000,1500,600,2000,2000,2000,200000,5000,4000,10000,2300,89900,9000,3600,5400,
000001.SZ,000001,20170103,93824000,66,90900,130,50,48927,1300,100,2200,900,500,2000,800,4400,2000,1500,5000,500,200,5000,2000,20000,4300,20000,1000,600,3000,1000,500,1000,1000,11700,2000,1000,1000,2000,3000,1000,3200,500,4000,1000,1300,1200,4100,1000,2000,50000,60000,1700,3000,2000,1000,200,2000,
000001.SZ,000001,20170103,93827000,65,91000,27,27,465020,1600,1400,10000,5300,9700,6400,206088,2000,1100,9100,1000,7000,1500,600,2000,2000,2000,200000,5000,4000,10000,2300,89900,9000,3600,5400,
000001.SZ,000001,20170103,93827000,66,90900,131,50,48927,1300,100,2200,900,500,2000,800,4400,2000,1500,5000,500,200,5000,2000,20000,4300,20000,1000,600,3000,1000,500,1000,1000,11700,2000,1000,1000,2000,3000,1000,3200,500,4000,1000,1300,1200,4100,1000,2000,50000,60000,1700,3000,2000,1000,200,2000,
000001.SZ,000001,20170103,93830000,65,91000,27,27,442020,1600,1400,10000,5300,9700,6400,206088,2000,1100,9100,1000,7000,1500,600,2000,2000,2000,200000,5000,4000,10000,2300,89900,9000,3600,5400,
000001.SZ,000001,20170103,93830000,66,90900,130,50,37727,1300,100,2200,900,500,2000,800,4400,2000,1500,5000,500,200,5000,2000,20000,4300,20000,1000,600,3000,1000,500,1000,1000,11700,2000,1000,1000,2000,3000,1000,3200,500,4000,1000,1300,1200,4100,1000,2000,50000,60000,1700,3000,2000,1000,200,2000,
000001.SZ,000001,20170103,93833000,65,91000,29,29,431520,1600,1400,10000,5300,9700,6400,206088,2000,1100,9100,1000,7000,1500,600,2000,2000,2000,200000,5000,4000,10000,2300,89900,9000,3600,5400,50100,4900,
000001.SZ,000001,20170103,93833000,66,90900,131,50,36427,1300,100,2200,900,500,2000,800,4400,2000,1500,5000,500,200,5000,2000,20000,4300,20000,1000,600,3000,1000,500,1000,1000,11700,2000,1000,1000,2000,3000,1000,3200,500,4000,1000,1300,1200,4100,1000,2000,50000,60000,1700,3000,2000,1000,200,2000,
000001.SZ,000001,20170103,93836000,65,91000,29,29,431520,1600,1400,10000,5300,9700,6400,206088,2000,1100,9100,1000,7000,1500,600,2000,2000,2000,200000,5000,4000,10000,2300,89900,9000,3600,5400,50100,4900,
000001.SZ,000001,20170103,93836000,66,90900,130,50,35427,1300,100,2200,900,500,2000,800,4400,2000,1500,5000,500,200,5000,2000,20000,4300,20000,1000,600,3000,1000,500,1000,1000,11700,2000,1000,1000,2000,3000,1000,3200,500,4000,1000,1300,1200,4100,1000,2000,50000,60000,1700,3000,2000,1000,200,2000,
000001.SZ,000001,20170103,93839000,65,91000,29,29,394520,1600,1400,10000,5300,9700,6400,206088,2000,1100,9100,1000,7000,1500,600,2000,2000,2000,200000,5000,4000,10000,2300,89900,9000,3600,5400,50100,4900,
000001.SZ,000001,20170103,93839000,66,90900,134,50,29827,1300,100,2200,900,500,2000,800,4400,2000,1500,5000,500,200,5000,2000,20000,4300,20000,1000,600,3000,1000,500,1000,1000,11700,2000,1000,1000,2000,3000,1000,3200,500,4000,1000,1300,1200,4100,1000,2000,50000,60000,1700,3000,2000,1000,200,2000,
000001.SZ,000001,20170103,93845000,65,91000,29,29,394520,1600,1400,10000,5300,9700,6400,206088,2000,1100,9100,1000,7000,1500,600,2000,2000,2000,200000,5000,4000,10000,2300,89900,9000,3600,5400,50100,4900,
000001.SZ,000001,20170103,93845000,66,90900,136,50,29627,1300,100,2200,900,500,2000,800,4400,2000,1500,5000,500,200,5000,2000,20000,4300,20000,1000,600,3000,1000,500,1000,1000,11700,2000,1000,1000,2000,3000,1000,3200,500,4000,1000,1300,1200,4100,1000,2000,50000,60000,1700,3000,2000,1000,200,2000,
000001.SZ,000001,20170103,93848000,65,91000,30,30,390220,1600,1400,10000,5300,9700,6400,206088,2000,1100,9100,1000,7000,1500,600,2000,2000,2000,200000,5000,4000,10000,2300,89900,9000,3600,5400,50100,4900,200,
000001.SZ,000001,20170103,93848000,66,90900,137,50,29627,1300,100,2200,900,500,2000,800,4400,2000,1500,5000,500,200,5000,2000,20000,4300,20000,1000,600,3000,1000,500,1000,1000,11700,2000,1000,1000,2000,3000,1000,3200,500,4000,1000,1300,1200,4100,1000,2000,50000,60000,1700,3000,2000,1000,200,2000,
000001.SZ,000001,20170103,93851000,65,91000,30,30,390220,1600,1400,10000,5300,9700,6400,206088,2000,1100,9100,1000,7000,1500,600,2000,2000,2000,200000,5000,4000,10000,2300,89900,9000,3600,5400,50100,4900,200,
000001.SZ,000001,20170103,93851000,66,90900,138,50,29427,1300,100,2200,900,500,2000,800,4400,2000,1500,5000,500,200,5000,2000,20000,4300,20000,1000,600,3000,1000,500,1000,1000,11700,2000,1000,1000,2000,3000,1000,3200,500,4000,1000,1300,1200,4100,1000,2000,50000,60000,1700,3000,2000,1000,200,2000,
000001.SZ,000001,20170103,93854000,65,91000,30,30,388220,1600,1400,10000,5300,9700,6400,206088,2000,1100,9100,1000,7000,1500,600,2000,2000,2000,200000,5000,4000,10000,2300,89900,9000,3600,5400,50100,4900,200,
000001.SZ,000001,20170103,93854000,66,90900,139,50,29427,1300,100,2200,900,500,2000,800,4400,2000,1500,5000,500,200,5000,2000,20000,4300,20000,1000,600,3000,1000,500,1000,1000,11700,2000,1000,1000,2000,3000,1000,3200,500,4000,1000,1300,1200,4100,1000,2000,50000,60000,1700,3000,2000,1000,200,2000,
000001.SZ,000001,20170103,93857000,65,91000,30,30,388120,1600,1400,10000,5300,9700,6400,206088,2000,1100,9100,1000,7000,1500,600,2000,2000,2000,200000,5000,4000,10000,2300,89900,9000,3600,5400,50100,4900,200,
000001.SZ,000001,20170103,93857000,66,90900,141,50,28227,1300,100,2200,900,500,2000,800,4400,2000,1500,5000,500,200,5000,2000,20000,4300,20000,1000,600,3000,1000,500,1000,1000,11700,2000,1000,1000,2000,3000,1000,3200,500,4000,1000,1300,1200,4100,1000,2000,50000,60000,1700,3000,2000,1000,200,2000,
000001.SZ,000001,20170103,93900000,65,91000,31,31,388120,1600,1400,10000,5300,9700,6400,206088,2000,1100,9100,1000,7000,1500,600,2000,2000,2000,200000,5000,4000,10000,2300,89900,9000,3600,5400,50100,4900,200,1000,
000001.SZ,000001,20170103,93900000,66,90900,141,50,28127,1300,100,2200,900,500,2000,800,4400,2000,1500,5000,500,200,5000,2000,20000,4300,20000,1000,600,3000,1000,500,1000,1000,11700,2000,1000,1000,2000,3000,1000,3200,500,4000,1000,1300,1200,4100,1000,2000,50000,60000,1700,3000,2000,1000,200,2000,
000001.SZ,000001,20170103,93903000,65,91000,31,31,387120,1600,1400,10000,5300,9700,6400,206088,2000,1100,9100,1000,7000,1500,600,2000,2000,2000,200000,5000,4000,10000,2300,89900,9000,3600,5400,50100,4900,200,1000,
000001.SZ,000001,20170103,93903000,66,90900,142,50,26327,1300,100,2200,900,500,2000,800,4400,2000,1500,5000,500,200,5000,2000,20000,4300,20000,1000,600,3000,1000,500,1000,1000,11700,2000,1000,1000,2000,3000,1000,3200,500,4000,1000,1300,1200,4100,1000,2000,50000,60000,1700,3000,2000,1000,200,2000,
000001.SZ,000001,20170103,93906000,65,91000,31,31,385020,1600,1400,10000,5300,9700,6400,206088,2000,1100,9100,1000,7000,1500,600,2000,2000,2000,200000,5000,4000,10000,2300,89900,9000,3600,5400,50100,4900,200,1000,
000001.SZ,000001,20170103,93906000,66,90900,141,50,26327,1300,100,2200,900,500,2000,800,4400,2000,1500,5000,500,200,5000,2000,20000,4300,20000,1000,600,3000,1000,500,1000,1000,11700,2000,1000,1000,2000,3000,1000,3200,500,4000,1000,1300,1200,4100,1000,2000,50000,60000,1700,3000,2000,1000,200,2000,
000001.SZ,000001,20170103,93909000,65,91000,32,32,383620,1600,1400,10000,5300,9700,6400,206088,2000,1100,9100,1000,7000,1500,600,2000,2000,2000,200000,5000,4000,10000,2300,89900,9000,3600,5400,50100,4900,200,1000,15000,
000001.SZ,000001,20170103,93909000,66,90900,142,50,26327,1300,100,2200,900,500,2000,800,4400,2000,1500,5000,500,200,5000,2000,20000,4300,20000,1000,600,3000,1000,500,1000,1000,11700,2000,1000,1000,2000,3000,1000,3200,500,4000,1000,1300,1200,4100,1000,2000,50000,60000,1700,3000,2000,1000,200,2000,
000001.SZ,000001,20170103,93915000,65,91000,32,32,370820,1600,1400,10000,5300,9700,6400,206088,2000,1100,9100,1000,7000,1500,600,2000,2000,2000,200000,5000,4000,10000,2300,89900,9000,3600,5400,50100,4900,200,1000,15000,
000001.SZ,000001,20170103,93915000,66,90900,144,50,26027,1300,100,2200,900,500,2000,800,4400,2000,1500,5000,500,200,5000,2000,20000,4300,20000,1000,600,3000,1000,500,1000,1000,11700,2000,1000,1000,2000,3000,1000,3200,500,4000,1000,1300,1200,4100,1000,2000,50000,60000,1700,3000,2000,1000,200,2000,
000001.SZ,000001,20170103,93918000,65,91000,32,32,360420,1600,1400,10000,5300,9700,6400,206088,2000,1100,9100,1000,7000,1500,600,2000,2000,2000,200000,5000,4000,10000,2300,89900,9000,3600,5400,50100,4900,200,1000,15000,
000001.SZ,000001,20170103,93918000,66,90900,144,50,26027,1300,100,2200,900,500,2000,800,4400,2000,1500,5000,500,200,5000,2000,20000,4300,20000,1000,600,3000,1000,500,1000,1000,11700,2000,1000,1000,2000,3000,1000,3200,500,4000,1000,1300,1200,4100,1000,2000,50000,60000,1700,3000,2000,1000,200,2000,
000001.SZ,000001,20170103,93921000,65,91000,32,32,358220,1600,1400,10000,5300,9700,6400,206088,2000,1100,9100,1000,7000,1500,600,2000,2000,2000,200000,5000,4000,10000,2300,89900,9000,3600,5400,50100,4900,200,1000,15000,
000001.SZ,000001,20170103,93921000,66,90900,145,50,16727,1300,100,2200,900,500,2000,800,4400,2000,1500,5000,500,200,5000,2000,20000,4300,20000,1000,600,3000,1000,500,1000,1000,11700,2000,1000,1000,2000,3000,1000,3200,500,4000,1000,1300,1200,4100,1000,2000,50000,60000,1700,3000,2000,1000,200,2000,
000001.SZ,000001,20170103,93924000,65,91000,34,34,348020,1600,1400,10000,5300,9700,6400,206088,2000,1100,9100,1000,7000,1500,600,2000,2000,2000,200000,5000,4000,10000,2300,89900,9000,3600,5400,50100,4900,200,1000,15000,10000,1100,
000001.SZ,000001,20170103,93924000,66,90900,146,50,16727,1300,100,2200,900,500,2000,800,4400,2000,1500,5000,500,200,5000,2000,20000,4300,20000,1000,600,3000,1000,500,1000,1000,11700,2000,1000,1000,2000,3000,1000,3200,500,4000,1000,1300,1200,4100,1000,2000,50000,60000,1700,3000,2000,1000,200,2000,
000001.SZ,000001,20170103,93930000,65,91000,35,35,348020,1600,1400,10000,5300,9700,6400,206088,2000,1100,9100,1000,7000,1500,600,2000,2000,2000,200000,5000,4000,10000,2300,89900,9000,3600,5400,50100,4900,200,1000,15000,10000,1100,3000,
000001.SZ,000001,20170103,93930000,66,90900,149,50,15927,1300,100,2200,900,500,2000,800,4400,2000,1500,5000,500,200,5000,2000,20000,4300,20000,1000,600,3000,1000,500,1000,1000,11700,2000,1000,1000,2000,3000,1000,3200,500,4000,1000,1300,1200,4100,1000,2000,50000,60000,1700,3000,2000,1000,200,2000,
000001.SZ,000001,20170103,93933000,65,91000,36,36,347020,1600,1400,10000,5300,9700,6400,206088,2000,1100,9100,1000,7000,1500,600,2000,2000,2000,200000,5000,4000,10000,2300,89900,9000,3600,5400,50100,4900,200,1000,15000,10000,1100,3000,1000,
000001.SZ,000001,20170103,93933000,66,90900,152,50,15927,1300,100,2200,900,500,2000,800,4400,2000,1500,5000,500,200,5000,2000,20000,4300,20000,1000,600,3000,1000,500,1000,1000,11700,2000,1000,1000,2000,3000,1000,3200,500,4000,1000,1300,1200,4100,1000,2000,50000,60000,1700,3000,2000,1000,200,2000,
000001.SZ,000001,20170103,93936000,65,91000,37,37,245920,1600,1400,10000,5300,9700,6400,206088,2000,1100,9100,1000,7000,1500,600,2000,2000,2000,200000,5000,4000,10000,2300,89900,9000,3600,5400,50100,4900,200,1000,15000,10000,1100,3000,1000,200000,
000001.SZ,000001,20170103,93936000,66,90900,153,50,4827,1300,100,2200,900,500,2000,800,4400,2000,1500,5000,500,200,5000,2000,20000,4300,20000,1000,600,3000,1000,500,1000,1000,11700,2000,1000,1000,2000,3000,1000,3200,500,4000,1000,1300,1200,4100,1000,2000,50000,60000,1700,3000,2000,1000,200,2000,
000001.SZ,000001,20170103,93939000,65,91000,39,39,245920,1600,1400,10000,5300,9700,6400,206088,2000,1100,9100,1000,7000,1500,600,2000,2000,2000,200000,5000,4000,10000,2300,89900,9000,3600,5400,50100,4900,200,1000,15000,10000,1100,3000,1000,200000,1000,6300,
000001.SZ,000001,20170103,93939000,66,90900,155,50,4627,1300,100,2200,900,500,2000,800,4400,2000,1500,5000,500,200,5000,2000,20000,4300,20000,1000,600,3000,1000,500,1000,1000,11700,2000,1000,1000,2000,3000,1000,3200,500,4000,1000,1300,1200,4100,1000,2000,50000,60000,1700,3000,2000,1000,200,2000,
000001.SZ,000001,20170103,93942000,65,91000,40,40,245920,1600,1400,10000,5300,9700,6400,206088,2000,1100,9100,1000,7000,1500,600,2000,2000,2000,200000,5000,4000,10000,2300,89900,9000,3600,5400,50100,4900,200,1000,15000,10000,1100,3000,1000,200000,1000,6300,1000,
000001.SZ,000001,20170103,93942000,66,90900,157,50,4627,1300,100,2200,900,500,2000,800,4400,2000,1500,5000,500,200,5000,2000,20000,4300,20000,1000,600,3000,1000,500,1000,1000,11700,2000,1000,1000,2000,3000,1000,3200,500,4000,1000,1300,1200,4100,1000,2000,50000,60000,1700,3000,2000,1000,200,2000,
000001.SZ,000001,20170103,93945000,65,91000,41,41,245820,1600,1400,10000,5300,9700,6400,206088,2000,1100,9100,1000,7000,1500,600,2000,2000,2000,200000,5000,4000,10000,2300,89900,9000,3600,5400,50100,4900,200,1000,15000,10000,1100,3000,1000,200000,1000,6300,1000,41400,
000001.SZ,000001,20170103,93945000,66,90900,159,50,4627,1300,100,2200,900,500,2000,800,4400,2000,1500,5000,500,200,5000,2000,20000,4300,20000,1000,600,3000,1000,500,1000,1000,11700,2000,1000,1000,2000,3000,1000,3200,500,4000,1000,1300,1200,4100,1000,2000,50000,60000,1700,3000,2000,1000,200,2000,
000001.SZ,000001,20170103,93948000,65,91000,41,41,240920,1600,1400,10000,5300,9700,6400,206088,2000,1100,9100,1000,7000,1500,600,2000,2000,2000,200000,5000,4000,10000,2300,89900,9000,3600,5400,50100,4900,200,1000,15000,10000,1100,3000,1000,200000,1000,6300,1000,41400,
000001.SZ,000001,20170103,93948000,66,90900,152,50,3827,500,200,5000,2000,20000,4300,20000,1000,600,3000,1000,500,1000,1000,11700,2000,1000,1000,2000,3000,1000,3200,500,4000,1000,1300,1200,4100,1000,2000,50000,60000,1700,3000,2000,1000,200,2000,5000,500,20000,10000,300,1900,1700,500,9700,5000,500,
000001.SZ,000001,20170103,93951000,65,91000,42,42,237220,1600,1400,10000,5300,9700,6400,206088,2000,1100,9100,1000,7000,1500,600,2000,2000,2000,200000,5000,4000,10000,2300,89900,9000,3600,5400,50100,4900,200,1000,15000,10000,1100,3000,1000,200000,1000,6300,1000,41400,36000,
000001.SZ,000001,20170103,93951000,66,90900,153,50,2527,500,200,5000,2000,20000,4300,20000,1000,600,3000,1000,500,1000,1000,11700,2000,1000,1000,2000,3000,1000,3200,500,4000,1000,1300,1200,4100,1000,2000,50000,60000,1700,3000,2000,1000,200,2000,5000,500,20000,10000,300,1900,1700,500,9700,5000,500,
000001.SZ,000001,20170103,93954000,65,91000,42,42,237220,1600,1400,10000,5300,9700,6400,206088,2000,1100,9100,1000,7000,1500,600,2000,2000,2000,200000,5000,4000,10000,2300,89900,9000,3600,5400,50100,4900,200,1000,15000,10000,1100,3000,1000,200000,1000,6300,1000,41400,36000,
000001.SZ,000001,20170103,93954000,66,90900,154,50,1727,500,200,5000,2000,20000,4300,20000,1000,600,3000,1000,500,1000,1000,11700,2000,1000,1000,2000,3000,1000,3200,500,4000,1000,1300,1200,4100,1000,2000,50000,60000,1700,3000,2000,1000,200,2000,5000,500,20000,10000,300,1900,1700,500,9700,5000,500,
000001.SZ,000001,20170103,93957000,65,91000,42,42,237220,1600,1400,10000,5300,9700,6400,206088,2000,1100,9100,1000,7000,1500,600,2000,2000,2000,200000,5000,4000,10000,2300,89900,9000,3600,5400,50100,4900,200,1000,15000,10000,1100,3000,1000,200000,1000,6300,1000,41400,36000,
000001.SZ,000001,20170103,93957000,66,90900,156,50,727,500,200,5000,2000,20000,4300,20000,1000,600,3000,1000,500,1000,1000,11700,2000,1000,1000,2000,3000,1000,3200,500,4000,1000,1300,1200,4100,1000,2000,50000,60000,1700,3000,2000,1000,200,2000,5000,500,20000,10000,300,1900,1700,500,9700,5000,500,
000001.SZ,000001,20170103,94000000,65,91000,42,42,236720,1600,1400,10000,5300,9700,6400,206088,2000,1100,9100,1000,7000,1500,600,2000,2000,2000,200000,5000,4000,10000,2300,89900,9000,3600,5400,50100,4900,200,1000,15000,10000,1100,3000,1000,200000,1000,6300,1000,41400,36000,
000001.SZ,000001,20170103,94000000,66,90900,152,50,4507,2000,20000,4300,20000,1000,600,3000,1000,500,1000,1000,11700,2000,1000,1000,2000,3000,1000,3200,500,4000,1000,1300,1200,4100,1000,2000,50000,60000,1700,3000,2000,1000,200,2000,5000,500,20000,10000,300,1900,1700,500,9700,5000,500,2300,100,5000,
000001.SZ,000001,20170103,94003000,65,91000,42,42,236720,1600,1400,10000,5300,9700,6400,206088,2000,1100,9100,1000,7000,1500,600,2000,2000,2000,200000,5000,4000,10000,2300,89900,9000,3600,5400,50100,4900,200,1000,15000,10000,1100,3000,1000,200000,1000,6300,1000,41400,36000,
000001.SZ,000001,20170103,94003000,66,90900,153,50,4407,2000,20000,4300,20000,1000,600,3000,1000,500,1000,1000,11700,2000,1000,1000,2000,3000,1000,3200,500,4000,1000,1300,1200,4100,1000,2000,50000,60000,1700,3000,2000,1000,200,2000,5000,500,20000,10000,300,1900,1700,500,9700,5000,500,2300,100,5000,
000001.SZ,000001,20170103,94006000,65,91000,42,42,234220,1600,1400,10000,5300,9700,6400,206088,2000,1100,9100,1000,7000,1500,600,2000,2000,2000,200000,5000,4000,10000,2300,89900,9000,3600,5400,50100,4900,200,1000,15000,10000,1100,3000,1000,200000,1000,6300,1000,41400,36000,
000001.SZ,000001,20170103,94006000,66,90900,154,50,4307,2000,20000,4300,20000,1000,600,3000,1000,500,1000,1000,11700,2000,1000,1000,2000,3000,1000,3200,500,4000,1000,1300,1200,4100,1000,2000,50000,60000,1700,3000,2000,1000,200,2000,5000,500,20000,10000,300,1900,1700,500,9700,5000,500,2300,100,5000,
000001.SZ,000001,20170103,94009000,65,91000,43,43,234220,1600,1400,10000,5300,9700,6400,206088,2000,1100,9100,1000,7000,1500,600,2000,2000,2000,200000,5000,4000,10000,2300,89900,9000,3600,5400,50100,4900,200,1000,15000,10000,1100,3000,1000,200000,1000,6300,1000,41400,36000,20000,
000001.SZ,000001,20170103,94009000,66,90900,157,50,4307,2000,20000,4300,20000,1000,600,3000,1000,500,1000,1000,11700,2000,1000,1000,2000,3000,1000,3200,500,4000,1000,1300,1200,4100,1000,2000,50000,60000,1700,3000,2000,1000,200,2000,5000,500,20000,10000,300,1900,1700,500,9700,5000,500,2300,100,5000,
000001.SZ,000001,20170103,94012000,65,91000,44,44,171220,1600,1400,10000,5300,9700,6400,206088,2000,1100,9100,1000,7000,1500,600,2000,2000,2000,200000,5000,4000,10000,2300,89900,9000,3600,5400,50100,4900,200,1000,15000,10000,1100,3000,1000,200000,1000,6300,1000,41400,36000,20000,7000,
000001.SZ,000001,20170103,94012000,66,90900,158,50,3807,2000,20000,4300,20000,1000,600,3000,1000,500,1000,1000,11700,2000,1000,1000,2000,3000,1000,3200,500,4000,1000,1300,1200,4100,1000,2000,50000,60000,1700,3000,2000,1000,200,2000,5000,500,20000,10000,300,1900,1700,500,9700,5000,500,2300,100,5000,
000001.SZ,000001,20170103,94015000,65,91000,46,46,165020,1600,1400,10000,5300,9700,6400,206088,2000,1100,9100,1000,7000,1500,600,2000,2000,2000,200000,5000,4000,10000,2300,89900,9000,3600,5400,50100,4900,200,1000,15000,10000,1100,3000,1000,200000,1000,6300,1000,41400,36000,20000,7000,1200,12000,
000001.SZ,000001,20170103,94015000,66,90900,155,50,19207,4300,20000,1000,600,3000,1000,500,1000,1000,11700,2000,1000,1000,2000,3000,1000,3200,500,4000,1000,1300,1200,4100,1000,2000,50000,60000,1700,3000,2000,1000,200,2000,5000,20000,10000,300,1900,1700,500,9700,5000,500,2300,100,5000,40000,1300,1000,
000001.SZ,000001,20170103,94018000,65,91000,46,46,158420,1600,1400,10000,5300,9700,6400,206088,2000,1100,9100,1000,7000,1500,600,2000,2000,2000,200000,5000,4000,10000,2300,89900,9000,3600,5400,50100,4900,200,1000,15000,10000,1100,3000,1000,200000,1000,6300,1000,41400,36000,20000,7000,1200,12000,
000001.SZ,000001,20170103,94018000,66,90900,156,50,19207,4300,20000,1000,600,3000,1000,500,1000,1000,11700,2000,1000,1000,2000,3000,1000,3200,500,4000,1000,1300,1200,4100,1000,2000,50000,60000,1700,3000,2000,1000,200,2000,5000,20000,10000,300,1900,1700,500,9700,5000,500,2300,100,5000,40000,1300,1000,
000001.SZ,000001,20170103,94021000,65,91000,46,46,158020,1600,1400,10000,5300,9700,6400,206088,2000,1100,9100,1000,7000,1500,600,2000,2000,2000,200000,5000,4000,10000,2300,89900,9000,3600,5400,50100,4900,200,1000,15000,10000,1100,3000,1000,200000,1000,6300,1000,41400,36000,20000,7000,1200,12000,
000001.SZ,000001,20170103,94021000,66,90900,157,50,19207,4300,20000,1000,600,3000,1000,500,1000,1000,11700,2000,1000,1000,2000,3000,1000,3200,500,4000,1000,1300,1200,4100,1000,2000,50000,60000,1700,3000,2000,1000,200,2000,5000,20000,10000,300,1900,1700,500,9700,5000,500,2300,100,5000,40000,1300,1000,
000001.SZ,000001,20170103,94024000,65,91000,47,47,156420,1600,1400,10000,5300,9700,6400,206088,2000,1100,9100,1000,7000,1500,600,2000,2000,2000,200000,5000,4000,10000,2300,89900,9000,3600,5400,50100,4900,200,1000,15000,10000,1100,3000,1000,200000,1000,6300,1000,41400,36000,20000,7000,1200,12000,10000,
000001.SZ,000001,20170103,94024000,66,90900,159,50,17807,4300,20000,1000,600,3000,1000,500,1000,1000,11700,2000,1000,1000,2000,3000,1000,3200,500,4000,1000,1300,1200,4100,1000,2000,50000,60000,1700,3000,2000,1000,200,2000,5000,20000,10000,300,1900,1700,500,9700,5000,500,2300,100,5000,40000,1300,1000,
000001.SZ,000001,20170103,94027000,65,91000,50,50,146620,1600,1400,10000,5300,9700,6400,206088,2000,1100,9100,1000,7000,1500,600,2000,2000,2000,200000,5000,4000,10000,2300,89900,9000,3600,5400,50100,4900,200,1000,15000,10000,1100,3000,1000,200000,1000,6300,1000,41400,36000,20000,7000,1200,12000,10000,1200,800,120,
000001.SZ,000001,20170103,94027000,66,90900,160,50,17007,4300,20000,1000,600,3000,1000,500,1000,1000,11700,2000,1000,1000,2000,3000,1000,3200,500,4000,1000,1300,1200,4100,1000,2000,50000,60000,1700,3000,2000,1000,200,2000,5000,20000,10000,300,1900,1700,500,9700,5000,500,2300,100,5000,40000,1300,1000,
000001.SZ,000001,20170103,94030000,65,91000,50,50,134320,1600,1400,10000,5300,9700,6400,206088,2000,1100,9100,1000,7000,1500,600,2000,2000,2000,200000,5000,4000,10000,2300,89900,9000,3600,5400,50100,4900,200,1000,15000,10000,1100,3000,1000,200000,1000,6300,1000,41400,36000,20000,7000,1200,12000,10000,1200,800,120,
000001.SZ,000001,20170103,94030000,66,90900,160,50,16007,4300,20000,1000,600,3000,1000,500,1000,1000,11700,2000,1000,1000,2000,3000,1000,3200,500,4000,1000,1300,1200,4100,1000,2000,50000,60000,1700,3000,2000,1000,200,2000,5000,20000,10000,300,1900,1700,500,9700,5000,500,2300,100,5000,40000,1300,1000,
000001.SZ,000001,20170103,94033000,65,91000,51,50,131020,1600,1400,10000,5300,9700,6400,206088,2000,1100,9100,1000,7000,1500,600,2000,2000,2000,200000,5000,4000,10000,2300,89900,9000,3600,5400,50100,4900,200,1000,15000,10000,1100,3000,1000,200000,1000,6300,1000,41400,36000,20000,7000,1200,12000,10000,1200,800,120,
000001.SZ,000001,20170103,94033000,66,90900,161,50,16007,4300,20000,1000,600,3000,1000,500,1000,1000,11700,2000,1000,1000,2000,3000,1000,3200,500,4000,1000,1300,1200,4100,1000,2000,50000,60000,1700,3000,2000,1000,200,2000,5000,20000,10000,300,1900,1700,500,9700,5000,500,2300,100,5000,40000,1300,1000,
000001.SZ,000001,20170103,94036000,65,91000,50,50,131020,1600,1400,10000,5300,9700,6400,206088,2000,1100,1000,7000,1500,600,2000,2000,2000,200000,5000,4000,10000,2300,89900,9000,3600,5400,50100,4900,200,1000,15000,10000,1100,3000,1000,200000,1000,6300,1000,41400,36000,20000,7000,1200,12000,10000,1200,800,120,2000,
000001.SZ,000001,20170103,94036000,66,90900,160,50,16007,4300,20000,1000,600,3000,1000,500,1000,1000,11700,2000,1000,1000,2000,3000,1000,3200,500,4000,1000,1300,1200,4100,1000,2000,50000,60000,1700,3000,2000,1000,200,2000,5000,20000,10000,300,1900,1700,500,9700,5000,500,2300,100,5000,40000,1300,1000,
000001.SZ,000001,20170103,94039000,65,91000,50,50,125620,1600,1400,10000,5300,9700,6400,206088,2000,1100,1000,7000,1500,600,2000,2000,2000,200000,5000,4000,10000,2300,89900,9000,3600,5400,50100,4900,200,1000,15000,10000,1100,3000,1000,200000,1000,6300,1000,41400,36000,20000,7000,1200,12000,10000,1200,800,120,2000,
000001.SZ,000001,20170103,94039000,66,90900,161,50,16007,4300,20000,1000,600,3000,1000,500,1000,1000,11700,2000,1000,1000,2000,3000,1000,3200,500,4000,1000,1300,1200,4100,1000,2000,50000,60000,1700,3000,2000,1000,200,2000,5000,20000,10000,300,1900,1700,500,9700,5000,500,2300,100,5000,40000,1300,1000,
000001.SZ,000001,20170103,94042000,65,91000,50,50,120620,1600,1400,10000,5300,9700,6400,206088,2000,1100,1000,7000,1500,600,2000,2000,2000,200000,5000,4000,10000,2300,89900,9000,3600,5400,50100,4900,200,1000,15000,10000,1100,3000,1000,200000,1000,6300,1000,41400,36000,20000,7000,1200,12000,10000,1200,800,120,2000,
000001.SZ,000001,20170103,94042000,66,90900,161,50,1047,4300,20000,1000,600,3000,1000,500,1000,1000,11700,2000,1000,1000,2000,3000,1000,3200,500,4000,1000,1300,1200,4100,1000,2000,50000,60000,1700,3000,2000,1000,200,2000,5000,20000,10000,300,1900,1700,500,9700,5000,500,2300,100,5000,40000,1300,1000,
000001.SZ,000001,20170103,94045000,65,91000,51,50,120620,1600,1400,10000,5300,9700,6400,206088,2000,1100,1000,7000,1500,600,2000,2000,2000,200000,5000,4000,10000,2300,89900,9000,3600,5400,50100,4900,200,1000,15000,10000,1100,3000,1000,200000,1000,6300,1000,41400,36000,20000,7000,1200,12000,10000,1200,800,120,2000,
000001.SZ,000001,20170103,94045000,66,90900,161,50,3047,20000,1000,600,3000,1000,500,1000,1000,11700,2000,1000,1000,2000,3000,1000,3200,500,4000,1000,1300,1200,4100,1000,2000,50000,60000,1700,3000,2000,1000,200,2000,5000,20000,10000,300,1900,1700,500,9700,5000,500,2300,100,5000,40000,1300,1000,3100,
000001.SZ,000001,20170103,94048000,65,91000,52,50,120520,1600,1400,10000,5300,9700,6400,206088,2000,1100,1000,7000,1500,600,2000,2000,2000,200000,5000,4000,10000,2300,89900,9000,3600,5400,50100,4900,200,1000,15000,10000,1100,3000,1000,200000,1000,6300,1000,41400,36000,20000,7000,1200,12000,10000,1200,800,120,2000,
000001.SZ,000001,20170103,94048000,66,90900,162,50,3047,20000,1000,600,3000,1000,500,1000,1000,11700,2000,1000,1000,2000,3000,1000,3200,500,4000,1000,1300,1200,4100,1000,2000,50000,60000,1700,3000,2000,1000,200,2000,5000,20000,10000,300,1900,1700,500,9700,5000,500,2300,100,5000,40000,1300,1000,3100,
000001.SZ,000001,20170103,94051000,65,91000,52,50,93620,1600,1400,10000,5300,9700,6400,206088,2000,1100,1000,7000,1500,600,2000,2000,2000,200000,5000,4000,10000,2300,89900,9000,3600,5400,50100,4900,200,1000,15000,10000,1100,3000,1000,200000,1000,6300,1000,41400,36000,20000,7000,1200,12000,10000,1200,800,120,2000,
