万得代码,交易所代码,自然日,时间,委托编号,交易所委托号,委托类型,委托代码,委托价格,委托数量,
000001.SZ,000001,20170103,91500000,0,137,0,B,90300,50000,
000001.SZ,000001,20170103,91500000,1,180,0,S,91500,100,
000001.SZ,000001,20170103,91500010,2,282,0,S,93000,500,
000001.SZ,000001,20170103,91500010,3,297,0,S,91100,600000,
000001.SZ,000001,20170103,91500010,4,300,0,S,91100,700000,
000001.SZ,000001,20170103,91500020,5,410,0,B,90000,1000,
000001.SZ,000001,20170103,91500030,6,466,0,S,91800,800,
000001.SZ,000001,20170103,91500040,7,509,0,B,90600,2300,
000001.SZ,000001,20170103,91500040,8,577,0,B,99000,100,
000001.SZ,000001,20170103,91500040,9,586,0,S,100000,1000,
000001.SZ,000001,20170103,91500040,10,599,0,B,90600,1200,
000001.SZ,000001,20170103,91500050,11,601,0,S,100100,1000,
000001.SZ,000001,20170103,91500050,12,645,0,S,92000,2000,
000001.SZ,000001,20170103,91500050,13,691,0,S,92500,2000,
000001.SZ,000001,20170103,91500050,14,693,0,B,90000,1000,
000001.SZ,000001,20170103,91500050,15,695,0,B,89500,1000,
000001.SZ,000001,20170103,91500050,16,696,0,B,89000,1000,
000001.SZ,000001,20170103,91500050,17,716,0,S,91800,118257,
000001.SZ,000001,20170103,91500050,18,740,0,B,90500,6000,
000001.SZ,000001,20170103,91500050,19,749,0,B,88500,1000,
000001.SZ,000001,20170103,91500050,20,757,0,B,88000,1000,
000001.SZ,000001,20170103,91500050,21,759,0,B,87000,1000,
000001.SZ,000001,20170103,91500050,22,763,0,B,86000,1000,
000001.SZ,000001,20170103,91500050,23,767,0,B,85000,1000,
000001.SZ,000001,20170103,91500050,24,829,0,B,84000,1000,
000001.SZ,000001,20170103,91500050,25,830,0,B,83000,1000,
000001.SZ,000001,20170103,91500050,26,831,0,B,82000,1000,
000001.SZ,000001,20170103,91500050,27,844,0,S,91500,960,
000001.SZ,000001,20170103,91500050,28,860,0,B,90300,500,
000001.SZ,000001,20170103,91500050,29,861,0,B,90200,500,
000001.SZ,000001,20170103,91500050,30,862,0,B,88500,100,
000001.SZ,000001,20170103,91500050,31,863,0,B,90100,500,
000001.SZ,000001,20170103,91500050,32,864,0,B,90000,500,
000001.SZ,000001,20170103,91500050,33,866,0,B,91000,100,
000001.SZ,000001,20170103,91500050,34,867,0,B,88300,100,
000001.SZ,000001,20170103,91500050,35,872,0,S,96000,600,
000001.SZ,000001,20170103,91500050,36,876,0,S,97000,600,
000001.SZ,000001,20170103,91500060,37,879,0,S,98000,600,
000001.SZ,000001,20170103,91500060,38,882,0,S,99000,600,
000001.SZ,000001,20170103,91500060,39,884,0,S,100000,600,
000001.SZ,000001,20170103,91500060,40,893,0,S,95500,600,
000001.SZ,000001,20170103,91500060,41,894,0,S,96500,600,
000001.SZ,000001,20170103,91500060,42,897,0,S,97500,600,
000001.SZ,000001,20170103,91500060,43,900,0,S,98500,600,
000001.SZ,000001,20170103,91500060,44,901,0,S,99500,600,
000001.SZ,000001,20170103,91500060,45,908,0,S,98600,500,
000001.SZ,000001,20170103,91500060,46,944,0,S,92100,500,
000001.SZ,000001,20170103,91500060,47,947,0,S,92200,500,
000001.SZ,000001,20170103,91500060,48,949,0,S,92300,500,
000001.SZ,000001,20170103,91500060,49,951,0,S,92400,500,
000001.SZ,000001,20170103,91500060,50,953,0,S,92500,500,
000001.SZ,000001,20170103,91500060,51,954,0,S,92600,500,
000001.SZ,000001,20170103,91500060,52,974,0,S,91900,500,
000001.SZ,000001,20170103,91500060,53,975,0,S,100000,8000,
000001.SZ,000001,20170103,91500060,54,977,0,S,92000,500,
000001.SZ,000001,20170103,91500060,55,1105,0,B,88000,1000,
000001.SZ,000001,20170103,91500060,56,1106,0,B,83000,1000,
000001.SZ,000001,20170103,91500060,57,1107,0,S,99500,1000,
000001.SZ,000001,20170103,91500070,58,1165,0,S,97000,1000,
000001.SZ,000001,20170103,91500070,59,1234,0,B,85500,1000,
000001.SZ,000001,20170103,91500070,60,1236,0,B,90000,500,
000001.SZ,000001,20170103,91500070,61,1251,0,B,89900,500,
000001.SZ,000001,20170103,91500070,62,1253,0,B,89800,500,
000001.SZ,000001,20170103,91500070,63,1259,0,B,89700,500,
000001.SZ,000001,20170103,91500070,64,1332,0,S,91700,10000,
000001.SZ,000001,20170103,91500070,65,1338,0,S,91900,1500,
000001.SZ,000001,20170103,91500070,66,1463,0,S,91600,1600,
000001.SZ,000001,20170103,91500080,67,1544,0,B,88000,8000,
000001.SZ,000001,20170103,91500080,68,1628,0,S,94600,2000,
000001.SZ,000001,20170103,91500080,69,1646,0,S,95700,500,
000001.SZ,000001,20170103,91500080,70,1701,0,S,94200,3000,
000001.SZ,000001,20170103,91500080,71,1713,0,B,90100,400,
000001.SZ,000001,20170103,91500080,72,1716,0,S,93500,500,
000001.SZ,000001,20170103,91500080,73,1727,0,S,92800,500,
000001.SZ,000001,20170103,91500080,74,1730,0,S,92800,500,
000001.SZ,000001,20170103,91500080,75,1731,0,S,92800,500,
000001.SZ,000001,20170103,91500080,76,1733,0,S,92800,500,
000001.SZ,000001,20170103,91500080,77,1741,0,S,93800,500,
000001.SZ,000001,20170103,91500080,78,1773,0,S,95900,600,
000001.SZ,000001,20170103,91500080,79,1787,0,S,96900,24300,
000001.SZ,000001,20170103,91500080,80,1788,0,B,90000,600,
000001.SZ,000001,20170103,91500080,81,1791,0,B,89400,600,
000001.SZ,000001,20170103,91500080,82,1792,0,B,89000,600,
000001.SZ,000001,20170103,91500080,83,1796,0,S,96900,21100,
000001.SZ,000001,20170103,91500080,84,1797,0,B,88600,600,
000001.SZ,000001,20170103,91500080,85,1798,0,B,88200,600,
000001.SZ,000001,20170103,91500080,86,1802,0,B,87800,600,
000001.SZ,000001,20170103,91500080,87,1803,0,B,87400,600,
000001.SZ,000001,20170103,91500080,88,1804,0,B,87000,600,
000001.SZ,000001,20170103,91500080,89,1806,0,B,86600,600,
000001.SZ,000001,20170103,91500080,90,1808,0,B,86200,600,
000001.SZ,000001,20170103,91500080,91,1810,0,B,85800,600,
000001.SZ,000001,20170103,91500080,92,1812,0,B,85400,600,
000001.SZ,000001,20170103,91500080,93,1815,0,B,85000,600,
000001.SZ,000001,20170103,91500080,94,1816,0,B,84600,600,
000001.SZ,000001,20170103,91500080,95,1821,0,B,84200,600,
000001.SZ,000001,20170103,91500080,96,1823,0,B,83800,600,
000001.SZ,000001,20170103,91500080,97,1824,0,B,83400,600,
000001.SZ,000001,20170103,91500080,98,1828,0,B,83000,600,
000001.SZ,000001,20170103,91500080,99,1832,0,B,82600,600,
000001.SZ,000001,20170103,91500080,100,1833,0,B,82200,600,
000001.SZ,000001,20170103,91500080,101,1838,0,B,89500,600,
000001.SZ,000001,20170103,91500080,102,1839,0,B,89200,600,
000001.SZ,000001,20170103,91500090,103,2002,0,S,100000,1000,
000001.SZ,000001,20170103,91500090,104,2037,0,B,85000,1000,
000001.SZ,000001,20170103,91500090,105,2073,0,S,100000,1000,
000001.SZ,000001,20170103,91500090,106,2317,0,S,93700,2500,
000001.SZ,000001,20170103,91500090,107,2333,0,S,100000,1000,
000001.SZ,000001,20170103,91500090,108,2335,0,B,90000,500,
000001.SZ,000001,20170103,91500090,109,2338,0,B,85000,500,
000001.SZ,000001,20170103,91500090,110,2343,0,B,90100,2000,
000001.SZ,000001,20170103,91500090,111,2344,0,B,90300,2000,
000001.SZ,000001,20170103,91500090,112,2375,0,B,90200,2400,
000001.SZ,000001,20170103,91500090,113,2376,0,S,94800,2000,
000001.SZ,000001,20170103,91500100,114,2555,0,S,92000,50000,
000001.SZ,000001,20170103,91500100,115,2557,0,S,92300,50000,
000001.SZ,000001,20170103,91500100,116,2589,0,S,92700,1000,
000001.SZ,000001,20170103,91500100,117,2590,0,S,94800,2000,
000001.SZ,000001,20170103,91500100,118,2591,0,B,90100,400,
000001.SZ,000001,20170103,91500100,119,2669,0,S,93500,500,
000001.SZ,000001,20170103,91500100,120,2678,0,B,90500,1200,
000001.SZ,000001,20170103,91500100,121,2716,0,S,100000,700,
000001.SZ,000001,20170103,91500100,122,2768,0,B,88400,200,
000001.SZ,000001,20170103,91500100,123,2774,0,S,94800,700,
000001.SZ,000001,20170103,91500110,124,2851,0,B,90500,4000,
000001.SZ,000001,20170103,91500110,125,2866,0,S,100100,5000,
000001.SZ,000001,20170103,91500110,126,3034,0,S,98000,2100,
000001.SZ,000001,20170103,91500110,127,3059,0,S,93900,500,
000001.SZ,000001,20170103,91500110,128,3076,0,B,90600,500,
000001.SZ,000001,20170103,91500110,129,3185,0,S,91400,1000,
000001.SZ,000001,20170103,91500110,130,3258,0,S,91600,600,
000001.SZ,000001,20170103,91500120,131,3540,0,S,100000,500,
000001.SZ,000001,20170103,91500120,132,3609,0,S,100000,2000,
000001.SZ,000001,20170103,91500120,133,3617,0,B,86500,1200,
000001.SZ,000001,20170103,91500120,134,3621,0,B,90500,1000,
000001.SZ,000001,20170103,91500120,135,3623,0,B,90300,1000,
000001.SZ,000001,20170103,91500120,136,3628,0,B,90100,1000,
000001.SZ,000001,20170103,91500120,137,3726,0,S,91000,700,
000001.SZ,000001,20170103,91500130,138,3809,0,S,95900,2600,
000001.SZ,000001,20170103,91500130,139,3840,0,S,94900,500,
000001.SZ,000001,20170103,91500130,140,3882,0,S,100000,200,
000001.SZ,000001,20170103,91500130,141,3971,0,S,100000,2000,
000001.SZ,000001,20170103,91500130,142,3972,0,S,99500,1800,
000001.SZ,000001,20170103,91500130,143,3973,0,S,98800,1500,
000001.SZ,000001,20170103,91500130,144,3975,0,S,98100,1200,
000001.SZ,000001,20170103,91500130,145,3979,0,S,97500,1000,
000001.SZ,000001,20170103,91500130,146,3983,0,S,96900,800,
000001.SZ,000001,20170103,91500130,147,3984,0,S,96300,600,
000001.SZ,000001,20170103,91500130,148,3998,0,B,91000,100,
000001.SZ,000001,20170103,91500140,149,4199,0,S,92600,50000,
000001.SZ,000001,20170103,91500140,150,4203,0,S,92900,50000,
000001.SZ,000001,20170103,91500140,151,4206,0,S,93200,50000,
000001.SZ,000001,20170103,91500140,152,4208,0,S,93500,50000,
000001.SZ,000001,20170103,91500140,153,4256,0,S,92800,200,
000001.SZ,000001,20170103,91500140,154,4257,0,S,94800,200,
000001.SZ,000001,20170103,91500140,155,4258,0,S,97500,200,
000001.SZ,000001,20170103,91500140,156,4260,0,S,99700,200,
000001.SZ,000001,20170103,91500140,157,4299,0,S,91200,100,
000001.SZ,000001,20170103,91500150,158,4400,0,B,91900,1000,
000001.SZ,000001,20170103,91500150,159,4405,0,B,90800,1000,
000001.SZ,000001,20170103,91500150,160,4435,0,B,90300,500,
000001.SZ,000001,20170103,91500150,161,4449,0,B,90000,500,
000001.SZ,000001,20170103,91500150,162,4456,0,B,90900,600,
000001.SZ,000001,20170103,91500150,163,4578,0,B,90600,2000,
000001.SZ,000001,20170103,91500150,164,4621,0,S,93600,200,
000001.SZ,000001,20170103,91500150,165,4626,0,S,96900,24000,
000001.SZ,000001,20170103,91500150,166,4648,0,S,95500,1000,
000001.SZ,000001,20170103,91500160,167,4656,0,S,96700,2000,
000001.SZ,000001,20170103,91500160,168,4661,0,S,98700,5000,
000001.SZ,000001,20170103,91500160,169,4755,0,S,94200,30000,
000001.SZ,000001,20170103,91500160,170,4756,0,S,96800,40000,
000001.SZ,000001,20170103,91500160,171,4788,0,S,100100,10000,
000001.SZ,000001,20170103,91500160,172,4852,0,S,91500,2800,
000001.SZ,000001,20170103,91500160,173,4853,0,B,90200,2800,
000001.SZ,000001,20170103,91500160,174,4896,0,S,99900,2000,
000001.SZ,000001,20170103,91500160,175,4897,0,B,90100,2200,
000001.SZ,000001,20170103,91500160,176,4986,0,B,86000,3000,
000001.SZ,000001,20170103,91500170,177,5017,0,S,91000,100,
000001.SZ,000001,20170103,91500170,178,5021,0,B,90000,200,
000001.SZ,000001,20170103,91500170,179,5077,0,S,92100,1300,
000001.SZ,000001,20170103,91500170,180,5205,0,B,90000,200,
000001.SZ,000001,20170103,91500180,181,5251,0,S,96900,4500,
000001.SZ,000001,20170103,91500180,182,5254,0,B,90500,7100,
000001.SZ,000001,20170103,91500180,183,5423,0,S,100100,5000,
000001.SZ,000001,20170103,91500190,184,5530,0,S,91300,200,
000001.SZ,000001,20170103,91500190,185,5613,0,B,89300,900,
000001.SZ,000001,20170103,91500190,186,5614,0,S,91900,900,
000001.SZ,000001,20170103,91500190,187,5693,0,B,91000,100,
000001.SZ,000001,20170103,91500190,188,5747,0,S,95900,21800,
000001.SZ,000001,20170103,91500190,189,5752,0,S,95900,9940,
000001.SZ,000001,20170103,91500200,190,5770,0,S,91500,2000,
000001.SZ,000001,20170103,91500200,191,5771,0,S,92000,2000,
000001.SZ,000001,20170103,91500200,192,5773,0,S,92500,2000,
000001.SZ,000001,20170103,91500200,193,5774,0,S,93000,2000,
000001.SZ,000001,20170103,91500200,194,5775,0,S,93500,2000,
000001.SZ,000001,20170103,91500200,195,5777,0,S,94000,2000,
000001.SZ,000001,20170103,91500200,196,5778,0,B,90000,2500,
000001.SZ,000001,20170103,91500200,197,5779,0,B,89500,2000,
000001.SZ,000001,20170103,91500200,198,5780,0,B,89000,2500,
000001.SZ,000001,20170103,91500200,199,5782,0,B,88500,2500,
000001.SZ,000001,20170103,91500200,200,5793,0,B,88000,2500,
000001.SZ,000001,20170103,91500200,201,5807,0,B,90600,200,
000001.SZ,000001,20170103,91500200,202,5815,0,B,89400,3800,
000001.SZ,000001,20170103,91500200,203,5816,0,B,86700,4400,
000001.SZ,000001,20170103,91500200,204,5817,0,B,83500,5500,
000001.SZ,000001,20170103,91500200,205,5821,0,S,92800,3400,
000001.SZ,000001,20170103,91500200,206,5822,0,S,94600,3600,
000001.SZ,000001,20170103,91500200,207,5828,0,S,96900,4100,
000001.SZ,000001,20170103,91500200,208,5829,0,S,99900,4800,
000001.SZ,000001,20170103,91500200,209,5832,0,B,90500,1800,
000001.SZ,000001,20170103,91500200,210,5907,0,S,97300,700,
000001.SZ,000001,20170103,91500200,211,5908,0,S,97900,700,
000001.SZ,000001,20170103,91500200,212,5909,0,S,99300,800,
000001.SZ,000001,20170103,91500210,213,6194,0,S,93900,500,
000001.SZ,000001,20170103,91500210,214,6255,0,S,92100,1700,
000001.SZ,000001,20170103,91500210,215,6507,0,S,92900,1000,
000001.SZ,000001,20170103,91500210,216,6508,0,S,94800,1200,
000001.SZ,000001,20170103,91500210,217,6509,0,B,90100,500,
000001.SZ,000001,20170103,91500210,218,6519,0,S,93000,800,
000001.SZ,000001,20170103,91500210,219,6520,0,S,93400,600,
000001.SZ,000001,20170103,91500210,220,6522,0,S,95000,1000,
000001.SZ,000001,20170103,91500210,221,6523,0,S,94500,800,
000001.SZ,000001,20170103,91500210,222,6563,0,B,90600,900,
000001.SZ,000001,20170103,91500220,223,6753,0,S,95600,1200,
000001.SZ,000001,20170103,91500220,224,6754,0,S,96000,1000,
000001.SZ,000001,20170103,91500220,225,6756,0,S,96700,1800,
000001.SZ,000001,20170103,91500220,226,6757,0,S,98000,2000,
000001.SZ,000001,20170103,91500220,227,6760,0,S,97900,2600,
000001.SZ,000001,20170103,91500220,228,6764,0,S,99000,3600,
000001.SZ,000001,20170103,91500220,229,6765,0,S,100100,4900,
000001.SZ,000001,20170103,91500220,230,6923,0,S,97700,1000,
000001.SZ,000001,20170103,91500220,231,6927,0,S,91600,12500,
000001.SZ,000001,20170103,91500220,232,6928,0,S,100000,600,
000001.SZ,000001,20170103,91500220,233,6935,0,B,90500,200,
000001.SZ,000001,20170103,91500220,234,6936,0,B,89800,300,
000001.SZ,000001,20170103,91500220,235,6980,0,S,96000,200,
000001.SZ,000001,20170103,91500230,236,7177,0,S,97900,20600,
000001.SZ,000001,20170103,91500230,237,7180,0,S,93300,400,
000001.SZ,000001,20170103,91500230,238,7193,0,S,98900,2800,
000001.SZ,000001,20170103,91500230,239,7247,0,S,92200,10000,
000001.SZ,000001,20170103,91500230,240,7248,0,S,92300,5000,
000001.SZ,000001,20170103,91500230,241,7249,0,S,92400,1500,
000001.SZ,000001,20170103,91500240,242,7373,0,S,100100,900,
000001.SZ,000001,20170103,91500240,243,7417,0,S,95000,900,
000001.SZ,000001,20170103,91500240,244,7459,0,B,90600,3500,
000001.SZ,000001,20170103,91500240,245,7462,0,B,90000,200,
000001.SZ,000001,20170103,91500240,246,7531,0,S,98000,2000,
000001.SZ,000001,20170103,91500240,247,7650,0,B,83800,2800,
000001.SZ,000001,20170103,91500250,248,7691,0,S,91500,5000,
000001.SZ,000001,20170103,91500250,249,7837,0,B,90100,1000,
000001.SZ,000001,20170103,91500250,250,7842,0,B,90300,1000,
000001.SZ,000001,20170103,91500250,251,7843,0,S,94900,500,
000001.SZ,000001,20170103,91500250,252,7850,0,B,90100,600,
000001.SZ,000001,20170103,91500250,253,7860,0,S,91300,10000,
000001.SZ,000001,20170103,91500250,254,7861,0,S,91500,10000,
000001.SZ,000001,20170103,91500250,255,7862,0,S,91800,30000,
000001.SZ,000001,20170103,91500250,256,7868,0,S,93000,40000,
000001.SZ,000001,20170103,91500250,257,7906,0,B,87500,600,
000001.SZ,000001,20170103,91500250,258,7908,0,S,94500,1000,
000001.SZ,000001,20170103,91500250,259,7955,0,B,83600,600,
000001.SZ,000001,20170103,91500250,260,7963,0,B,90300,1000,
000001.SZ,000001,20170103,91500250,261,7968,0,B,86000,300,
000001.SZ,000001,20170103,91500250,262,7969,0,S,96000,300,
000001.SZ,000001,20170103,91500260,263,7985,0,B,90100,1000,
000001.SZ,000001,20170103,91500260,264,7990,0,S,94900,500,
000001.SZ,000001,20170103,91500260,265,8029,0,B,89500,1000,
000001.SZ,000001,20170103,91500260,266,8127,0,B,90300,1400,
000001.SZ,000001,20170103,91500260,267,8163,0,S,94900,400,
000001.SZ,000001,20170103,91500260,268,8165,0,S,98000,27600,
000001.SZ,000001,20170103,91500260,269,8218,0,S,91600,12000,
000001.SZ,000001,20170103,91500260,270,8263,0,S,93300,31000,
000001.SZ,000001,20170103,91500260,271,8264,0,S,99800,400,
000001.SZ,000001,20170103,91500270,272,8442,0,B,89700,1000,
000001.SZ,000001,20170103,91500270,273,8744,0,S,91500,5000,
000001.SZ,000001,20170103,91500280,274,8842,0,B,90900,11500,
000001.SZ,000001,20170103,91500280,275,8870,0,B,86000,300,
000001.SZ,000001,20170103,91500280,276,8871,0,S,96000,200,
000001.SZ,000001,20170103,91500280,277,8895,0,B,88000,1000,
000001.SZ,000001,20170103,91500280,278,8920,0,B,88200,1000,
000001.SZ,000001,20170103,91500280,279,8921,0,S,95800,4000,
000001.SZ,000001,20170103,91500280,280,9019,0,S,91800,4000,
000001.SZ,000001,20170103,91500290,281,9139,0,S,91800,1000,
000001.SZ,000001,20170103,91500290,282,9186,0,S,92300,9600,
000001.SZ,000001,20170103,91500290,283,9237,0,S,99900,9200,
000001.SZ,000001,20170103,91500290,284,9318,0,S,96500,600,
000001.SZ,000001,20170103,91500290,285,9324,0,S,97700,100,
000001.SZ,000001,20170103,91500300,286,9336,0,S,100100,1800,
000001.SZ,000001,20170103,91500300,287,9514,0,S,99200,400,
000001.SZ,000001,20170103,91500310,288,9681,0,B,90100,500,
000001.SZ,000001,20170103,91500310,289,9691,0,S,99800,1000,
000001.SZ,000001,20170103,91500320,290,10068,0,S,96800,16500,
000001.SZ,000001,20170103,91500320,291,10080,0,S,99500,10500,
000001.SZ,000001,20170103,91500320,292,10081,0,S,100100,15000,
000001.SZ,000001,20170103,91500320,293,10135,0,S,91500,200,
000001.SZ,000001,20170103,91500320,294,10158,0,S,96000,5000,
000001.SZ,000001,20170103,91500320,295,10159,0,S,100000,5000,
000001.SZ,000001,20170103,91500320,296,10166,0,B,90000,5000,
000001.SZ,000001,20170103,91500320,297,10167,0,B,87000,5000,
000001.SZ,000001,20170103,91500320,298,10168,0,B,84000,5000,
000001.SZ,000001,20170103,91500320,299,10181,0,S,98500,400,
000001.SZ,000001,20170103,91500320,300,10192,0,B,90800,400,
000001.SZ,000001,20170103,91500330,301,10450,0,S,92200,1000,
000001.SZ,000001,20170103,91500330,302,10451,0,S,93200,1000,
000001.SZ,000001,20170103,91500330,303,10452,0,B,90100,1000,
000001.SZ,000001,20170103,91500330,304,10481,0,S,98500,1000,
000001.SZ,000001,20170103,91500330,305,10513,0,S,95000,700,
000001.SZ,000001,20170103,91500330,306,10565,0,S,100100,1000,
000001.SZ,000001,20170103,91500330,307,10583,0,S,92500,3000,
000001.SZ,000001,20170103,91500340,308,10767,0,B,90100,2000,
000001.SZ,000001,20170103,91500340,309,10865,0,S,92900,500,
000001.SZ,000001,20170103,91500340,310,10926,0,S,91500,2000,
000001.SZ,000001,20170103,91500340,311,10927,0,S,91800,2000,
000001.SZ,000001,20170103,91500350,312,11031,0,S,92000,3000,
000001.SZ,000001,20170103,91500350,313,11032,0,S,93500,4800,
000001.SZ,000001,20170103,91500350,314,11033,0,S,95000,5000,
000001.SZ,000001,20170103,91500350,315,11034,0,S,96500,5000,
000001.SZ,000001,20170103,91500350,316,11036,0,S,98000,3000,
000001.SZ,000001,20170103,91500350,317,11037,0,S,99500,3000,
000001.SZ,000001,20170103,91500350,318,11052,0,S,91500,2100,
000001.SZ,000001,20170103,91500350,319,11180,0,B,90100,2800,
000001.SZ,000001,20170103,91500350,320,11181,0,B,90100,2900,
000001.SZ,000001,20170103,91500360,321,11280,0,S,100100,300,
000001.SZ,000001,20170103,91500360,322,11407,0,S,91500,500,
000001.SZ,000001,20170103,91500360,323,11589,0,S,94200,500,
000001.SZ,000001,20170103,91500360,324,11590,0,S,96900,500,
000001.SZ,000001,20170103,91500360,325,11591,0,B,88200,500,
000001.SZ,000001,20170103,91500360,326,11604,0,B,83000,500,
000001.SZ,000001,20170103,91500370,327,11664,0,S,99800,1000,
000001.SZ,000001,20170103,91500370,328,11733,0,S,94100,28000,
000001.SZ,000001,20170103,91500370,329,11864,0,S,92900,5000,
000001.SZ,000001,20170103,91500370,330,11865,0,S,93900,5000,
000001.SZ,000001,20170103,91500370,331,11866,0,S,94900,5000,
000001.SZ,000001,20170103,91500370,332,11867,0,B,90100,5000,
000001.SZ,000001,20170103,91500370,333,11896,0,B,90700,5000,
000001.SZ,000001,20170103,91500370,334,11971,0,B,85000,500,
000001.SZ,000001,20170103,91500380,335,12039,0,S,93600,2000,
000001.SZ,000001,20170103,91500380,336,12081,0,S,92200,2000,
000001.SZ,000001,20170103,91500380,337,12088,0,S,91000,100,
000001.SZ,000001,20170103,91500380,338,12264,0,S,100100,2100,
000001.SZ,000001,20170103,91500380,339,12287,0,B,82100,3000,
000001.SZ,000001,20170103,91500380,340,12319,0,S,99000,500,
000001.SZ,000001,20170103,91500390,341,12422,0,B,90100,2500,
000001.SZ,000001,20170103,91500390,342,12434,0,S,97800,5000,
000001.SZ,000001,20170103,91500390,343,12488,0,B,81900,1000,
000001.SZ,000001,20170103,91500390,344,12494,0,B,90200,2000,
000001.SZ,000001,20170103,91500390,345,12495,0,B,90100,2000,
000001.SZ,000001,20170103,91500390,346,12499,0,B,90200,2000,
000001.SZ,000001,20170103,91500390,347,12500,0,B,90100,2000,
000001.SZ,000001,20170103,91500390,348,12505,0,S,91800,1000,
000001.SZ,000001,20170103,91500390,349,12506,0,S,91900,1000,
000001.SZ,000001,20170103,91500390,350,12520,0,S,91000,100,
000001.SZ,000001,20170103,91500400,351,12685,0,B,90800,500,
000001.SZ,000001,20170103,91500400,352,12803,0,S,92800,3000,
000001.SZ,000001,20170103,91500400,353,12804,0,B,90000,3000,
000001.SZ,000001,20170103,91500400,354,12847,0,B,90100,200,
000001.SZ,000001,20170103,91500400,355,12848,0,S,94000,200,
000001.SZ,000001,20170103,91500400,356,12923,0,S,93000,600,
000001.SZ,000001,20170103,91500400,357,12926,0,B,90000,3200,
000001.SZ,000001,20170103,91500400,358,12928,0,S,96400,2400,
000001.SZ,000001,20170103,91500400,359,12930,0,S,98500,300,
000001.SZ,000001,20170103,91500400,360,12982,0,S,99000,720,
000001.SZ,000001,20170103,91500410,361,13149,0,B,90000,200,
000001.SZ,000001,20170103,91500410,362,13150,0,S,93000,200,
000001.SZ,000001,20170103,91500410,363,13245,0,B,90200,1200,
000001.SZ,000001,20170103,91500410,364,13323,0,S,92700,5000,
000001.SZ,000001,20170103,91500410,365,13324,0,S,92900,5000,
000001.SZ,000001,20170103,91500410,366,13325,0,S,91900,5000,
000001.SZ,000001,20170103,91500410,367,13327,0,S,91500,5000,
000001.SZ,000001,20170103,91500410,368,13328,0,S,91100,5000,
000001.SZ,000001,20170103,91500410,369,13329,0,S,93300,5000,
000001.SZ,000001,20170103,91500410,370,13330,0,S,92500,5000,
000001.SZ,000001,20170103,91500410,371,13332,0,S,93900,5000,
000001.SZ,000001,20170103,91500410,372,13333,0,S,91700,5000,
000001.SZ,000001,20170103,91500410,373,13334,0,S,92100,5000,
000001.SZ,000001,20170103,91500410,374,13335,0,S,91300,5000,
000001.SZ,000001,20170103,91500410,375,13336,0,S,92300,5000,
000001.SZ,000001,20170103,91500410,376,13338,0,S,95700,5000,
000001.SZ,000001,20170103,91500410,377,13339,0,S,93700,5000,
000001.SZ,000001,20170103,91500410,378,13340,0,S,94100,5000,
000001.SZ,000001,20170103,91500410,379,13341,0,S,94500,5000,
000001.SZ,000001,20170103,91500410,380,13342,0,S,94300,5000,
000001.SZ,000001,20170103,91500410,381,13343,0,S,94900,5000,
000001.SZ,000001,20170103,91500410,382,13344,0,S,94700,5000,
000001.SZ,000001,20170103,91500410,383,13345,0,S,95100,5000,
000001.SZ,000001,20170103,91500410,384,13346,0,S,95500,5000,
000001.SZ,000001,20170103,91500410,385,13348,0,S,95900,5000,
000001.SZ,000001,20170103,91500410,386,13349,0,S,93500,5000,
000001.SZ,000001,20170103,91500410,387,13351,0,S,93100,5000,
000001.SZ,000001,20170103,91500410,388,13353,0,S,95300,5000,
000001.SZ,000001,20170103,91500410,389,13398,0,S,100100,500,
000001.SZ,000001,20170103,91500410,390,13472,0,S,91700,100,
000001.SZ,000001,20170103,91500420,391,13574,0,S,92800,500,
000001.SZ,000001,20170103,91500420,392,13755,0,B,90000,300,
000001.SZ,000001,20170103,91500420,393,13756,0,B,88000,300,
000001.SZ,000001,20170103,91500420,394,13757,0,B,86000,300,
000001.SZ,000001,20170103,91500420,395,13807,0,B,88100,8000,
000001.SZ,000001,20170103,91500420,396,13888,0,S,91800,1000,
000001.SZ,000001,20170103,91500420,397,13889,0,S,91900,1000,
000001.SZ,000001,20170103,91500420,398,13976,0,B,90600,2000,
000001.SZ,000001,20170103,91500420,399,13977,0,B,90500,2000,
000001.SZ,000001,20170103,91500420,400,13978,0,B,90400,4000,
000001.SZ,000001,20170103,91500420,401,13979,0,S,91900,2000,
000001.SZ,000001,20170103,91500420,402,13980,0,S,92800,2000,
000001.SZ,000001,20170103,91500420,403,13981,0,S,93800,2000,
000001.SZ,000001,20170103,91500420,404,13982,0,S,94800,2000,
000001.SZ,000001,20170103,91500420,405,13983,0,S,95800,2000,
000001.SZ,000001,20170103,91500420,406,13989,0,B,89800,1100,
000001.SZ,000001,20170103,91500430,407,14092,0,S,91400,4000,
000001.SZ,000001,20170103,91500430,408,14093,0,S,91400,5000,
000001.SZ,000001,20170103,91500430,409,14150,0,B,90000,3200,
000001.SZ,000001,20170103,91500430,410,14191,0,S,94500,500,
000001.SZ,000001,20170103,91500430,411,14255,0,S,91300,240,
000001.SZ,000001,20170103,91500430,412,14267,0,S,99700,1200,
000001.SZ,000001,20170103,91500430,413,14302,0,S,95000,19200,
000001.SZ,000001,20170103,91500430,414,14356,0,S,100000,300,
000001.SZ,000001,20170103,91500430,415,14486,0,S,92400,320700,
000001.SZ,000001,20170103,91500430,416,14509,0,S,96800,1000,
000001.SZ,000001,20170103,91500440,417,14605,0,S,92000,300,
000001.SZ,000001,20170103,91500440,418,14707,0,S,98200,800,
000001.SZ,000001,20170103,91500440,419,14708,0,S,98600,800,
000001.SZ,000001,20170103,91500440,420,14709,0,S,99000,800,
000001.SZ,000001,20170103,91500440,421,14710,0,S,99400,800,
000001.SZ,000001,20170103,91500440,422,14711,0,S,99800,800,
000001.SZ,000001,20170103,91500440,423,14719,0,B,89100,900,
000001.SZ,000001,20170103,91500440,424,14720,0,B,88700,900,
000001.SZ,000001,20170103,91500440,425,14723,0,S,91400,400,
000001.SZ,000001,20170103,91500440,426,14733,0,B,88300,900,
000001.SZ,000001,20170103,91500440,427,14751,0,S,91500,400,
000001.SZ,000001,20170103,91500440,428,14809,0,B,90000,1300,
000001.SZ,000001,20170103,91500440,429,14836,0,S,91800,1000,
000001.SZ,000001,20170103,91500440,430,14851,0,S,95600,200,
000001.SZ,000001,20170103,91500440,431,14852,0,S,97600,200,
000001.SZ,000001,20170103,91500440,432,14853,0,S,98600,200,
000001.SZ,000001,20170103,91500440,433,14854,0,S,99800,200,
000001.SZ,000001,20170103,91500440,434,14855,0,B,90300,200,
000001.SZ,000001,20170103,91500440,435,15079,0,S,100100,500,
000001.SZ,000001,20170103,91500450,436,15334,0,S,100000,800,
000001.SZ,000001,20170103,91500450,437,15342,0,B,90000,1000,
000001.SZ,000001,20170103,91500450,438,15343,0,B,89000,1000,
000001.SZ,000001,20170103,91500450,439,15344,0,B,89500,1000,
000001.SZ,000001,20170103,91500450,440,15345,0,B,88000,1000,
000001.SZ,000001,20170103,91500450,441,15346,0,B,87000,1000,
000001.SZ,000001,20170103,91500450,442,15347,0,B,86000,1000,
000001.SZ,000001,20170103,91500450,443,15435,0,S,95600,1100,
000001.SZ,000001,20170103,91500450,444,15445,0,S,92000,360,
000001.SZ,000001,20170103,91500450,445,15523,0,S,94100,600,
000001.SZ,000001,20170103,91500450,446,15525,0,S,96100,600,
000001.SZ,000001,20170103,91500450,447,15528,0,S,98100,600,
000001.SZ,000001,20170103,91500450,448,15530,0,S,99800,600,
000001.SZ,000001,20170103,91500450,449,15531,0,B,89600,600,
000001.SZ,000001,20170103,91500450,450,15548,0,B,88700,700,
000001.SZ,000001,20170103,91500450,451,15554,0,B,88100,700,
000001.SZ,000001,20170103,91500450,452,15571,0,B,87400,700,
000001.SZ,000001,20170103,91500460,453,15742,0,S,99900,2000,
000001.SZ,000001,20170103,91500460,454,15746,0,B,90100,2300,
000001.SZ,000001,20170103,91500460,455,15822,0,S,100100,1000,
000001.SZ,000001,20170103,91500460,456,15871,0,S,99900,2880,
000001.SZ,000001,20170103,91500460,457,15914,0,S,91200,1200,
000001.SZ,000001,20170103,91500460,458,15915,0,S,91400,1200,
000001.SZ,000001,20170103,91500460,459,15916,0,S,91600,1200,
000001.SZ,000001,20170103,91500460,460,15917,0,S,91800,1200,
000001.SZ,000001,20170103,91500460,461,16010,0,S,91100,1100,
000001.SZ,000001,20170103,91500470,462,16150,0,S,99000,600,
000001.SZ,000001,20170103,91500470,463,16259,0,S,94700,2000,
000001.SZ,000001,20170103,91500470,464,16277,0,S,99800,30800,
000001.SZ,000001,20170103,91500470,465,16286,0,S,96800,20000,
000001.SZ,000001,20170103,91500470,466,16473,0,S,91800,1000,
000001.SZ,000001,20170103,91500470,467,16475,0,S,92800,1000,
000001.SZ,000001,20170103,91500470,468,16490,0,B,91000,1000,
000001.SZ,000001,20170103,91500470,469,16491,0,B,90100,1000,
000001.SZ,000001,20170103,91500470,470,16492,0,B,89000,100,
000001.SZ,000001,20170103,91500470,471,16493,0,B,88000,200,
000001.SZ,000001,20170103,91500470,472,16494,0,B,87000,300,
000001.SZ,000001,20170103,91500470,473,16495,0,B,86100,400,
000001.SZ,000001,20170103,91500470,474,16496,0,B,85200,1000,
000001.SZ,000001,20170103,91500470,475,16497,0,S,92100,1000,
000001.SZ,000001,20170103,91500470,476,16498,0,S,93200,1000,
000001.SZ,000001,20170103,91500470,477,16499,0,S,94300,1000,
000001.SZ,000001,20170103,91500470,478,16500,0,S,95400,1000,
000001.SZ,000001,20170103,91500470,479,16501,0,S,96500,1000,
000001.SZ,000001,20170103,91500470,480,16502,0,S,97600,10000,
000001.SZ,000001,20170103,91500470,481,16503,0,S,98700,100,
000001.SZ,000001,20170103,91500470,482,16504,0,S,99800,200,
000001.SZ,000001,20170103,91500470,483,16505,0,S,100100,100,
000001.SZ,000001,20170103,91500470,484,16508,0,S,93800,1000,
000001.SZ,000001,20170103,91500470,485,16509,0,S,94800,1000,
000001.SZ,000001,20170103,91500480,486,16524,0,S,95800,1000,
000001.SZ,000001,20170103,91500480,487,16528,0,S,96800,1000,
000001.SZ,000001,20170103,91500480,488,16529,0,S,97800,1000,
000001.SZ,000001,20170103,91500480,489,16530,0,S,98800,1000,
000001.SZ,000001,20170103,91500480,490,16553,0,S,99800,1000,
000001.SZ,000001,20170103,91500480,491,16599,0,S,93300,1000,
000001.SZ,000001,20170103,91500480,492,16606,0,S,98600,600,
000001.SZ,000001,20170103,91500480,493,16619,0,S,92900,1000,
000001.SZ,000001,20170103,91500480,494,16640,0,B,88000,600,
000001.SZ,000001,20170103,91500480,495,16646,0,B,90100,1000,
000001.SZ,000001,20170103,91500480,496,16785,0,B,89400,5000,
000001.SZ,000001,20170103,91500480,497,16786,0,B,88900,5000,
000001.SZ,000001,20170103,91500480,498,16787,0,B,88400,5000,
000001.SZ,000001,20170103,91500480,499,16788,0,B,87900,5000,
000001.SZ,000001,20170103,91500480,500,16789,0,B,87400,5000,
000001.SZ,000001,20170103,91500480,501,16793,0,B,83500,500,
000001.SZ,000001,20170103,91500480,502,16858,0,S,100000,10000,
000001.SZ,000001,20170103,91500480,503,16872,0,B,90800,200,
000001.SZ,000001,20170103,91500480,504,16921,0,S,95000,900,
000001.SZ,000001,20170103,91500480,505,16922,0,S,96000,1000,
000001.SZ,000001,20170103,91500490,506,17064,0,S,97000,5000,
000001.SZ,000001,20170103,91500490,507,17090,0,S,100100,1800,
000001.SZ,000001,20170103,91500490,508,17266,0,S,93200,400,
000001.SZ,000001,20170103,91500490,509,17267,0,S,97600,400,
000001.SZ,000001,20170103,91500490,510,17462,0,S,91000,360,
000001.SZ,000001,20170103,91500490,511,17485,0,S,100000,120,
000001.SZ,000001,20170103,91500490,512,17536,0,B,90000,1000,
000001.SZ,000001,20170103,91500490,513,17537,0,B,85000,1000,
000001.SZ,000001,20170103,91500500,514,17652,0,S,93200,2000,
000001.SZ,000001,20170103,91500500,515,17672,0,S,91000,300,
000001.SZ,000001,20170103,91500500,516,17815,0,B,81900,100,
000001.SZ,000001,20170103,91500500,517,17842,0,S,99900,1000,
000001.SZ,000001,20170103,91500500,518,17843,0,S,95600,1000,
000001.SZ,000001,20170103,91500500,519,17921,0,S,97800,700,
000001.SZ,000001,20170103,91500500,520,17949,0,B,91000,700,
000001.SZ,000001,20170103,91500500,521,18094,0,B,90000,2400,
000001.SZ,000001,20170103,91500500,522,18118,0,S,99800,300,
000001.SZ,000001,20170103,91500510,523,18454,0,S,100100,120,
000001.SZ,000001,20170103,91500510,524,18513,0,S,96600,1100,
000001.SZ,000001,20170103,91500510,525,18547,0,B,90000,1200,
000001.SZ,000001,20170103,91500520,526,18621,0,S,97700,600,
000001.SZ,000001,20170103,91500520,527,18765,0,B,89400,1000,
000001.SZ,000001,20170103,91500520,528,18778,0,S,95800,120,
000001.SZ,000001,20170103,91500520,529,18783,0,S,91000,200,
000001.SZ,000001,20170103,91500520,530,18799,0,B,90300,10000,
000001.SZ,000001,20170103,91500520,531,18800,0,B,90300,11000,
000001.SZ,000001,20170103,91500520,532,18801,0,B,90300,10000,
000001.SZ,000001,20170103,91500520,533,18802,0,B,90300,10000,
000001.SZ,000001,20170103,91500520,534,18818,0,B,90200,1000,
000001.SZ,000001,20170103,91500520,535,18819,0,B,89800,2000,
000001.SZ,000001,20170103,91500520,536,18820,0,B,89500,3000,
000001.SZ,000001,20170103,91500520,537,18821,0,B,89200,4000,
000001.SZ,000001,20170103,91500520,538,18823,0,B,90300,9900,
000001.SZ,000001,20170103,91500520,539,18860,0,S,95900,21060,
000001.SZ,000001,20170103,91500520,540,18861,0,S,96900,22500,
000001.SZ,000001,20170103,91500520,541,18864,0,S,96900,21400,
000001.SZ,000001,20170103,91500520,542,18865,0,S,95900,22000,
000001.SZ,000001,20170103,91500530,543,18896,0,S,91500,3000,
000001.SZ,000001,20170103,91500530,544,18897,0,B,90900,2000,
000001.SZ,000001,20170103,91500530,545,18916,0,S,91500,2200,
000001.SZ,000001,20170103,91500530,546,18917,0,S,91700,2200,
000001.SZ,000001,20170103,91500530,547,18918,0,S,91900,2300,
000001.SZ,000001,20170103,91500530,548,18919,0,S,92300,2300,
000001.SZ,000001,20170103,91500530,549,18952,0,S,91000,100,
000001.SZ,000001,20170103,91500530,550,19059,0,S,95800,1000,
000001.SZ,000001,20170103,91500530,551,19116,0,B,90200,500,
000001.SZ,000001,20170103,91500530,552,19147,0,B,87100,200,
000001.SZ,000001,20170103,91500530,553,19186,0,S,93800,100,
000001.SZ,000001,20170103,91500530,554,19244,0,S,95000,1000,
000001.SZ,000001,20170103,91500530,555,19258,0,B,81900,300,
000001.SZ,000001,20170103,91500530,556,19263,0,S,100100,380,
000001.SZ,000001,20170103,91500540,557,19384,0,S,91300,10000,
000001.SZ,000001,20170103,91500540,558,19496,0,S,97700,700,
000001.SZ,000001,20170103,91500540,559,19500,0,S,91600,500,
000001.SZ,000001,20170103,91500540,560,19552,0,S,91700,5000,
000001.SZ,000001,20170103,91500550,561,19660,0,S,94800,700,
000001.SZ,000001,20170103,91500550,562,19663,0,S,95500,400,
000001.SZ,000001,20170103,91500550,563,19683,0,S,94900,1000,
000001.SZ,000001,20170103,91500550,564,19688,0,S,95500,1000,
000001.SZ,000001,20170103,91500550,565,19744,0,S,99900,600,
000001.SZ,000001,20170103,91500550,566,20036,0,S,100000,300,
000001.SZ,000001,20170103,91500560,567,20155,0,S,100000,12600,
000001.SZ,000001,20170103,91500560,568,20183,0,S,92300,400,
000001.SZ,000001,20170103,91500560,569,20184,0,B,90200,400,
000001.SZ,000001,20170103,91500560,570,20185,0,S,92300,400,
000001.SZ,000001,20170103,91500560,571,20186,0,B,90200,400,
000001.SZ,000001,20170103,91500560,572,20188,0,S,92300,400,
000001.SZ,000001,20170103,91500560,573,20189,0,B,90200,400,
000001.SZ,000001,20170103,91500560,574,20190,0,S,92300,400,
000001.SZ,000001,20170103,91500560,575,20191,0,B,90200,400,
000001.SZ,000001,20170103,91500560,576,20192,0,S,92300,400,
000001.SZ,000001,20170103,91500560,577,20193,0,B,90200,400,
000001.SZ,000001,20170103,91500560,578,20194,0,S,92300,400,
000001.SZ,000001,20170103,91500560,579,20195,0,B,90200,400,
000001.SZ,000001,20170103,91500560,580,20196,0,S,92300,400,
000001.SZ,000001,20170103,91500560,581,20197,0,B,90200,400,
000001.SZ,000001,20170103,91500560,582,20198,0,S,92300,400,
000001.SZ,000001,20170103,91500560,583,20199,0,B,90200,400,
000001.SZ,000001,20170103,91500560,584,20200,0,S,92300,400,
000001.SZ,000001,20170103,91500560,585,20201,0,B,90200,400,
000001.SZ,000001,20170103,91500560,586,20202,0,S,92300,400,
000001.SZ,000001,20170103,91500560,587,20203,0,B,90200,400,
000001.SZ,000001,20170103,91500560,588,20312,0,S,100100,900,
000001.SZ,000001,20170103,91500560,589,20375,0,S,100100,6100,
000001.SZ,000001,20170103,91500560,590,20458,0,S,95000,500,
000001.SZ,000001,20170103,91500570,591,20526,0,B,89300,3000,
000001.SZ,000001,20170103,91500570,592,20593,0,S,94500,200,
000001.SZ,000001,20170103,91500570,593,20594,0,S,96500,300,
000001.SZ,000001,20170103,91500570,594,20595,0,S,98500,300,
000001.SZ,000001,20170103,91500570,595,20813,0,S,91000,100,
000001.SZ,000001,20170103,91500580,596,20899,0,S,91500,10500,
000001.SZ,000001,20170103,91500580,597,20915,0,B,81900,1300,
000001.SZ,000001,20170103,91500580,598,21052,0,S,95400,22000,
000001.SZ,000001,20170103,91500580,599,21157,0,S,99800,1700,
000001.SZ,000001,20170103,91500580,600,21167,0,S,92500,13600,
000001.SZ,000001,20170103,91500580,601,21179,0,B,90100,1900,
000001.SZ,000001,20170103,91500590,602,21211,0,S,91800,800,
000001.SZ,000001,20170103,91500590,603,21212,0,B,90200,800,
000001.SZ,000001,20170103,91500590,604,21271,0,S,91500,1800,
000001.SZ,000001,20170103,91500590,605,21285,0,B,90600,900,
000001.SZ,000001,20170103,91500590,606,21311,0,B,91000,1000,
000001.SZ,000001,20170103,91500590,607,21367,0,S,100100,2100,
000001.SZ,000001,20170103,91500590,608,21376,0,S,92800,84700,
000001.SZ,000001,20170103,91500590,609,21426,0,S,100100,600,
000001.SZ,000001,20170103,91500590,610,21428,0,S,94900,1200,
000001.SZ,000001,20170103,91500590,611,21537,0,S,99900,2000,
000001.SZ,000001,20170103,91500590,612,21610,0,B,90000,600,
000001.SZ,000001,20170103,91500590,613,21624,0,S,91000,100,
000001.SZ,000001,20170103,91500590,614,21625,0,S,91000,20,
000001.SZ,000001,20170103,91500590,615,21633,0,S,92500,2000,
000001.SZ,000001,20170103,91500600,616,21780,0,B,91100,100,
000001.SZ,000001,20170103,91500600,617,21833,0,S,99900,500,
000001.SZ,000001,20170103,91500600,618,21847,0,S,92500,2000,
000001.SZ,000001,20170103,91500600,619,21852,0,S,92600,2000,
000001.SZ,000001,20170103,91500610,620,21952,0,S,93900,1000,
000001.SZ,000001,20170103,91500610,621,21953,0,S,95000,1000,
000001.SZ,000001,20170103,91500610,622,22016,0,S,91800,4000,
000001.SZ,000001,20170103,91500610,623,22046,0,S,96000,700,
000001.SZ,000001,20170103,91500610,624,22067,0,S,93700,500,
000001.SZ,000001,20170103,91500610,625,22068,0,S,94600,500,
000001.SZ,000001,20170103,91500610,626,22069,0,S,95500,500,
000001.SZ,000001,20170103,91500610,627,22070,0,S,96400,500,
000001.SZ,000001,20170103,91500610,628,22071,0,S,97300,500,
000001.SZ,000001,20170103,91500610,629,22072,0,S,98200,500,
000001.SZ,000001,20170103,91500610,630,22073,0,S,99000,500,
000001.SZ,000001,20170103,91500610,631,22074,0,S,100100,1000,
000001.SZ,000001,20170103,91500610,632,22127,0,B,90100,600,
000001.SZ,000001,20170103,91500610,633,22139,0,B,88600,200,
000001.SZ,000001,20170103,91500610,634,22241,0,B,85800,400,
000001.SZ,000001,20170103,91500610,635,22242,0,S,94800,800,
000001.SZ,000001,20170103,91500610,636,22259,0,S,97500,2200,
000001.SZ,000001,20170103,91500610,637,22263,0,S,98900,1000,
000001.SZ,000001,20170103,91500610,638,22264,0,S,100000,1500,
000001.SZ,000001,20170103,91500620,639,22535,0,S,99900,1000,
000001.SZ,000001,20170103,91500620,640,22644,0,S,91500,500,
000001.SZ,000001,20170103,91500620,641,22646,0,S,92000,500,
000001.SZ,000001,20170103,91500620,642,22652,0,B,90300,500,
000001.SZ,000001,20170103,91500620,643,22683,0,S,95800,1000,
000001.SZ,000001,20170103,91500620,644,22686,0,S,96800,1000,
000001.SZ,000001,20170103,91500620,645,22688,0,S,97800,1000,
000001.SZ,000001,20170103,91500620,646,22692,0,S,92700,2000,
000001.SZ,000001,20170103,91500620,647,22693,0,S,98800,1000,
000001.SZ,000001,20170103,91500620,648,22708,0,B,90200,1000,
000001.SZ,000001,20170103,91500620,649,22713,0,S,93000,500,
000001.SZ,000001,20170103,91500620,650,22714,0,S,94500,500,
000001.SZ,000001,20170103,91500620,651,22715,0,S,95800,500,
000001.SZ,000001,20170103,91500620,652,22716,0,B,89000,500,
000001.SZ,000001,20170103,91500620,653,22731,0,S,93000,100000,
000001.SZ,000001,20170103,91500620,654,22732,0,S,93200,100000,
000001.SZ,000001,20170103,91500620,655,22737,0,S,93400,100000,
000001.SZ,000001,20170103,91500620,656,22739,0,S,93600,100000,
000001.SZ,000001,20170103,91500620,657,22740,0,S,93800,100000,
000001.SZ,000001,20170103,91500620,658,22780,0,B,90000,1000,
000001.SZ,000001,20170103,91500620,659,22782,0,S,95000,2000,
000001.SZ,000001,20170103,91500630,660,22927,0,S,100100,2500,
000001.SZ,000001,20170103,91500630,661,22931,0,S,99800,2000,
000001.SZ,000001,20170103,91500630,662,22942,0,B,90300,2500,
000001.SZ,000001,20170103,91500630,663,22961,0,B,90100,2700,
000001.SZ,000001,20170103,91500630,664,23001,0,S,91700,2000,
000001.SZ,000001,20170103,91500630,665,23002,0,S,91900,2000,
000001.SZ,000001,20170103,91500630,666,23003,0,S,92900,2000,
000001.SZ,000001,20170103,91500630,667,23004,0,S,93800,2000,
000001.SZ,000001,20170103,91500630,668,23005,0,S,94800,2000,
000001.SZ,000001,20170103,91500630,669,23006,0,S,95800,2000,
000001.SZ,000001,20170103,91500630,670,23007,0,S,96800,2000,
000001.SZ,000001,20170103,91500630,671,23008,0,S,97800,2000,
000001.SZ,000001,20170103,91500630,672,23009,0,S,98800,2000,
000001.SZ,000001,20170103,91500630,673,23010,0,S,99500,2000,
000001.SZ,000001,20170103,91500630,674,23049,0,S,94000,300,
000001.SZ,000001,20170103,91500630,675,23061,0,S,92800,400,
000001.SZ,000001,20170103,91500640,676,23146,0,S,91100,1500,
000001.SZ,000001,20170103,91500640,677,23147,0,S,91300,2000,
000001.SZ,000001,20170103,91500640,678,23148,0,S,91500,2500,
000001.SZ,000001,20170103,91500640,679,23149,0,S,91700,2500,
000001.SZ,000001,20170103,91500640,680,23150,0,S,91900,2500,
000001.SZ,000001,20170103,91500640,681,23151,0,S,92100,3000,
000001.SZ,000001,20170103,91500640,682,23152,0,S,92300,3500,
000001.SZ,000001,20170103,91500640,683,23153,0,S,92500,3500,
000001.SZ,000001,20170103,91500640,684,23154,0,S,92700,3500,
000001.SZ,000001,20170103,91500640,685,23155,0,S,93000,3500,
000001.SZ,000001,20170103,91500640,686,23164,0,B,90900,2000,
000001.SZ,000001,20170103,91500640,687,23165,0,B,90800,2500,
000001.SZ,000001,20170103,91500640,688,23166,0,B,90600,3500,
000001.SZ,000001,20170103,91500640,689,23167,0,B,90300,3500,
000001.SZ,000001,20170103,91500640,690,23168,0,B,90000,5000,
000001.SZ,000001,20170103,91500640,691,23169,0,B,89600,5000,
000001.SZ,000001,20170103,91500640,692,23171,0,S,97700,620,
000001.SZ,000001,20170103,91500640,693,23184,0,S,95500,500,
000001.SZ,000001,20170103,91500640,694,23319,0,S,94000,5100,
000001.SZ,000001,20170103,91500640,695,23320,0,B,90000,2000,
000001.SZ,000001,20170103,91500640,696,23336,0,B,90500,2100,
000001.SZ,000001,20170103,91500650,697,23375,0,B,90500,600,
000001.SZ,000001,20170103,91500650,698,23459,0,B,90600,20000,
000001.SZ,000001,20170103,91500650,699,23493,0,S,92000,3000,
000001.SZ,000001,20170103,91500650,700,23501,0,B,90000,200,
000001.SZ,000001,20170103,91500650,701,23529,0,S,93800,1000,
000001.SZ,000001,20170103,91500650,702,23530,0,S,94800,1000,
000001.SZ,000001,20170103,91500650,703,23531,0,S,95800,1000,
000001.SZ,000001,20170103,91500650,704,23543,0,S,91900,1000,
000001.SZ,000001,20170103,91500650,705,23544,0,S,92900,1000,
000001.SZ,000001,20170103,91500650,706,23545,0,S,93900,1000,
000001.SZ,000001,20170103,91500650,707,23546,0,S,94900,1000,
000001.SZ,000001,20170103,91500650,708,23547,0,S,95900,1000,
000001.SZ,000001,20170103,91500650,709,23548,0,S,96900,1000,
000001.SZ,000001,20170103,91500650,710,23549,0,S,97900,1000,
000001.SZ,000001,20170103,91500650,711,23550,0,S,98900,1000,
000001.SZ,000001,20170103,91500650,712,23551,0,S,99900,1000,
000001.SZ,000001,20170103,91500650,713,23553,0,B,90000,1000,
000001.SZ,000001,20170103,91500650,714,23554,0,B,89000,1000,
000001.SZ,000001,20170103,91500660,715,23663,0,S,91700,100,
000001.SZ,000001,20170103,91500660,716,23728,0,S,97700,2100,
000001.SZ,000001,20170103,91500660,717,23737,0,S,97500,3000,
000001.SZ,000001,20170103,91500660,718,23781,0,S,91000,400,
000001.SZ,000001,20170103,91500660,719,23848,0,B,90100,1000,
000001.SZ,000001,20170103,91500660,720,23852,0,S,100000,300,
000001.SZ,000001,20170103,91500660,721,23853,0,B,89500,300,
000001.SZ,000001,20170103,91500660,722,23913,0,S,95500,11300,
000001.SZ,000001,20170103,91500670,723,23961,0,S,96500,400,
000001.SZ,000001,20170103,91500670,724,23962,0,S,97500,400,
000001.SZ,000001,20170103,91500670,725,23963,0,S,98500,400,
000001.SZ,000001,20170103,91500670,726,23964,0,S,99500,400,
000001.SZ,000001,20170103,91500670,727,23991,0,B,90000,500,
000001.SZ,000001,20170103,91500670,728,23992,0,B,89500,500,
000001.SZ,000001,20170103,91500670,729,23993,0,S,91500,500,
000001.SZ,000001,20170103,91500670,730,23994,0,S,92000,500,
000001.SZ,000001,20170103,91500670,731,23995,0,S,92500,500,
000001.SZ,000001,20170103,91500670,732,23996,0,S,93000,500,
000001.SZ,000001,20170103,91500670,733,23997,0,S,93500,500,
000001.SZ,000001,20170103,91500670,734,23998,0,S,94000,500,
000001.SZ,000001,20170103,91500670,735,23999,0,S,94500,500,
000001.SZ,000001,20170103,91500670,736,24000,0,S,95000,500,
000001.SZ,000001,20170103,91500670,737,24001,0,S,95500,500,
000001.SZ,000001,20170103,91500670,738,24002,0,S,96000,500,
000001.SZ,000001,20170103,91500670,739,24003,0,S,96500,500,
000001.SZ,000001,20170103,91500670,740,24004,0,S,97000,500,
000001.SZ,000001,20170103,91500670,741,24005,0,S,97500,500,
000001.SZ,000001,20170103,91500670,742,24006,0,S,98000,500,
000001.SZ,000001,20170103,91500670,743,24007,0,S,98500,500,
000001.SZ,000001,20170103,91500670,744,24008,0,S,99000,500,
000001.SZ,000001,20170103,91500670,745,24009,0,S,99500,500,
000001.SZ,000001,20170103,91500670,746,24010,0,S,100100,500,
000001.SZ,000001,20170103,91500670,747,24033,0,B,89500,1000,
000001.SZ,000001,20170103,91500670,748,24050,0,B,88800,500,
000001.SZ,000001,20170103,91500670,749,24057,0,B,85200,500,
000001.SZ,000001,20170103,91500670,750,24091,0,S,92400,72100,
000001.SZ,000001,20170103,91500670,751,24133,0,B,85200,600,
000001.SZ,000001,20170103,91500670,752,24139,0,B,82800,1000,
000001.SZ,000001,20170103,91500670,753,24278,0,S,95000,24100,
000001.SZ,000001,20170103,91500670,754,24279,0,S,95000,14400,
000001.SZ,000001,20170103,91500670,755,24323,0,S,100000,600,
000001.SZ,000001,20170103,91500670,756,24330,0,B,88000,1000,
000001.SZ,000001,20170103,91500670,757,24331,0,B,87000,1000,
000001.SZ,000001,20170103,91500670,758,24335,0,S,100000,720,
000001.SZ,000001,20170103,91500670,759,24342,0,B,88000,1000,
000001.SZ,000001,20170103,91500670,760,24343,0,B,87000,1000,
000001.SZ,000001,20170103,91500680,761,24394,0,S,98000,1000,
000001.SZ,000001,20170103,91500680,762,24415,0,S,91600,4000,
000001.SZ,000001,20170103,91500680,763,24433,0,B,90100,10000,
000001.SZ,000001,20170103,91500680,764,24434,0,B,90300,10000,
000001.SZ,000001,20170103,91500680,765,24521,0,S,97700,600,
000001.SZ,000001,20170103,91500680,766,24565,0,B,90700,200,
000001.SZ,000001,20170103,91500690,767,24747,0,B,90300,2000,
000001.SZ,000001,20170103,91500690,768,24898,0,S,100100,6500,
000001.SZ,000001,20170103,91500690,769,24899,0,B,88200,2000,
000001.SZ,000001,20170103,91500690,770,24930,0,B,90500,200,
000001.SZ,000001,20170103,91500690,771,24932,0,B,90300,200,
000001.SZ,000001,20170103,91500700,772,25071,0,S,92000,3000,
000001.SZ,000001,20170103,91500700,773,25072,0,S,91500,3000,
000001.SZ,000001,20170103,91500700,774,25073,0,S,92500,3000,
000001.SZ,000001,20170103,91500700,775,25199,0,S,100100,1320,
000001.SZ,000001,20170103,91500700,776,25206,0,S,93600,2000,
000001.SZ,000001,20170103,91500700,777,25386,0,S,91800,3000,
000001.SZ,000001,20170103,91500700,778,25387,0,S,91900,3000,
000001.SZ,000001,20170103,91500700,779,25388,0,S,92000,3000,
000001.SZ,000001,20170103,91500700,780,25420,0,S,95900,500,
000001.SZ,000001,20170103,91500700,781,25421,0,S,99900,1080,
000001.SZ,000001,20170103,91500700,782,25458,0,S,92900,1400,
000001.SZ,000001,20170103,91500710,783,25622,0,S,91100,1200,
000001.SZ,000001,20170103,91500720,784,25783,0,S,91700,2000,
000001.SZ,000001,20170103,91500720,785,25834,0,S,100100,100,
000001.SZ,000001,20170103,91500730,786,26246,0,S,100000,3520,
000001.SZ,000001,20170103,91500740,787,26310,0,S,100100,1000,
000001.SZ,000001,20170103,91500740,788,26312,0,S,96000,1000,
000001.SZ,000001,20170103,91500740,789,26358,0,B,90900,400,
000001.SZ,000001,20170103,91500740,790,26362,0,S,92400,2000,
000001.SZ,000001,20170103,91500740,791,26423,0,S,100000,500,
000001.SZ,000001,20170103,91500740,792,26436,0,S,93800,1800,
000001.SZ,000001,20170103,91500750,793,26616,0,S,91000,900,
000001.SZ,000001,20170103,91500760,794,26671,0,B,90000,500,
000001.SZ,000001,20170103,91500760,795,26729,0,S,100000,2000,
000001.SZ,000001,20170103,91500760,796,26815,0,B,91000,100,
000001.SZ,000001,20170103,91500770,797,26990,0,S,97700,1000,
000001.SZ,000001,20170103,91500770,798,27020,0,B,90100,1600,
000001.SZ,000001,20170103,91500780,799,27087,0,B,90600,2000,
000001.SZ,000001,20170103,91500780,800,27088,0,B,90500,2000,
000001.SZ,000001,20170103,91500780,801,27089,0,B,90400,2000,
000001.SZ,000001,20170103,91500780,802,27090,0,S,91800,7000,
000001.SZ,000001,20170103,91500780,803,27098,0,S,96000,100,
000001.SZ,000001,20170103,91500780,804,27099,0,S,97000,100,
000001.SZ,000001,20170103,91500780,805,27197,0,B,90800,10000,
000001.SZ,000001,20170103,91500780,806,27256,0,B,90600,2000,
000001.SZ,000001,20170103,91500780,807,27261,0,B,88000,1000,
000001.SZ,000001,20170103,91500780,808,27382,0,S,95900,2200,
000001.SZ,000001,20170103,91500780,809,27386,0,S,93900,3000,
000001.SZ,000001,20170103,91500780,810,27388,0,S,95900,3000,
000001.SZ,000001,20170103,91500780,811,27389,0,B,90100,3000,
000001.SZ,000001,20170103,91500780,812,27396,0,B,87600,500,
000001.SZ,000001,20170103,91500780,813,27400,0,B,90000,300,
000001.SZ,000001,20170103,91500790,814,27519,0,B,89500,6800,
000001.SZ,000001,20170103,91500790,815,27520,0,B,89500,15000,
000001.SZ,000001,20170103,91500790,816,27521,0,B,89500,4000,
000001.SZ,000001,20170103,91500790,817,27537,0,S,98000,5000,
000001.SZ,000001,20170103,91500790,818,27540,0,S,100000,5000,
000001.SZ,000001,20170103,91500790,819,27570,0,S,94800,2800,
000001.SZ,000001,20170103,91500800,820,27625,0,S,95500,1000,
000001.SZ,000001,20170103,91500800,821,27690,0,S,93500,400,
000001.SZ,000001,20170103,91500810,822,27818,0,S,100000,600,
000001.SZ,000001,20170103,91500810,823,27819,0,S,99600,600,
000001.SZ,000001,20170103,91500810,824,27820,0,S,99000,600,
000001.SZ,000001,20170103,91500810,825,27821,0,S,98600,600,
000001.SZ,000001,20170103,91500820,826,27925,0,B,88300,100,
000001.SZ,000001,20170103,91500820,827,27927,0,B,84000,100,
000001.SZ,000001,20170103,91500820,828,28054,0,S,93700,1000,
000001.SZ,000001,20170103,91500830,829,28124,0,S,99900,400,
000001.SZ,000001,20170103,91500830,830,28216,0,B,90500,18000,
000001.SZ,000001,20170103,91500840,831,28276,0,S,91800,2000,
000001.SZ,000001,20170103,91500840,832,28332,0,S,92600,1000,
000001.SZ,000001,20170103,91500840,833,28389,0,B,88000,200,
000001.SZ,000001,20170103,91500840,834,28448,0,S,94800,1000,
000001.SZ,000001,20170103,91500840,835,28449,0,S,95900,1000,
000001.SZ,000001,20170103,91500840,836,28450,0,S,97800,2000,
000001.SZ,000001,20170103,91500850,837,28461,0,S,96400,1000,
000001.SZ,000001,20170103,91500850,838,28507,0,S,98000,15000,
000001.SZ,000001,20170103,91500850,839,28514,0,S,97500,600,
000001.SZ,000001,20170103,91500850,840,28554,0,B,90100,1000,
000001.SZ,000001,20170103,91500850,841,28555,0,S,91600,1000,
000001.SZ,000001,20170103,91500850,842,28556,0,S,92200,1000,
000001.SZ,000001,20170103,91500850,843,28557,0,S,92800,1000,
000001.SZ,000001,20170103,91500860,844,28704,0,S,96100,400,
000001.SZ,000001,20170103,91500860,845,28765,0,S,94000,5000,
000001.SZ,000001,20170103,91500860,846,28766,0,B,90000,5000,
000001.SZ,000001,20170103,91500860,847,28781,0,S,100100,1000,
000001.SZ,000001,20170103,91500860,848,28806,0,S,95500,2000,
000001.SZ,000001,20170103,91500860,849,28807,0,S,100000,2000,
000001.SZ,000001,20170103,91500860,850,28812,0,B,90000,3500,
000001.SZ,000001,20170103,91500860,851,28849,0,B,90600,2000,
000001.SZ,000001,20170103,91500860,852,28892,0,S,91900,1000,
000001.SZ,000001,20170103,91500860,853,28893,0,S,92800,1000,
000001.SZ,000001,20170103,91500860,854,28894,0,S,93800,2000,
000001.SZ,000001,20170103,91500860,855,28895,0,S,94800,2000,
000001.SZ,000001,20170103,91500860,856,28896,0,S,95800,2000,
000001.SZ,000001,20170103,91500880,857,29218,0,S,97600,1600,
000001.SZ,000001,20170103,91500880,858,29219,0,S,95500,1600,
000001.SZ,000001,20170103,91500880,859,29220,0,S,94400,1600,
000001.SZ,000001,20170103,91500880,860,29221,0,S,93300,1600,
000001.SZ,000001,20170103,91500880,861,29294,0,S,92000,120,
000001.SZ,000001,20170103,91500890,862,29462,0,B,87800,200,
000001.SZ,000001,20170103,91500890,863,29463,0,S,94200,200,
000001.SZ,000001,20170103,91500890,864,29481,0,B,87800,600,
000001.SZ,000001,20170103,91500900,865,29531,0,S,91500,2000,
000001.SZ,000001,20170103,91500900,866,29709,0,S,91400,2100,
000001.SZ,000001,20170103,91500900,867,29710,0,S,91600,2200,
000001.SZ,000001,20170103,91500900,868,29711,0,S,91800,2300,
000001.SZ,000001,20170103,91500900,869,29712,0,S,92000,2900,
000001.SZ,000001,20170103,91500900,870,29713,0,B,90500,2100,
000001.SZ,000001,20170103,91500900,871,29714,0,B,90300,2200,
000001.SZ,000001,20170103,91500900,872,29715,0,B,90100,2200,
000001.SZ,000001,20170103,91500900,873,29716,0,B,90000,2200,
000001.SZ,000001,20170103,91500900,874,29842,0,S,92600,1000,
000001.SZ,000001,20170103,91500910,875,29888,0,B,89200,5000,
000001.SZ,000001,20170103,91500920,876,29949,0,S,100000,500,
000001.SZ,000001,20170103,91500920,877,29950,0,B,89600,500,
000001.SZ,000001,20170103,91500920,878,29956,0,S,99800,4000,
000001.SZ,000001,20170103,91500920,879,30128,0,S,95000,3000,
000001.SZ,000001,20170103,91500940,880,30289,0,S,91900,2000,
000001.SZ,000001,20170103,91500940,881,30290,0,S,92400,2000,
000001.SZ,000001,20170103,91500940,882,30291,0,S,92900,2000,
000001.SZ,000001,20170103,91500940,883,30292,0,B,90200,2000,
000001.SZ,000001,20170103,91500950,884,30427,0,S,93000,8100,
000001.SZ,000001,20170103,91500950,885,30451,0,S,93900,100,
000001.SZ,000001,20170103,91500950,886,30486,0,S,92500,500,
000001.SZ,000001,20170103,91500960,887,30670,0,B,90600,4400,
000001.SZ,000001,20170103,91500970,888,30745,0,S,99600,100,
000001.SZ,000001,20170103,91500970,889,30785,0,S,92400,500,
000001.SZ,000001,20170103,91500970,890,30786,0,S,93900,500,
000001.SZ,000001,20170103,91500970,891,30787,0,S,95400,500,
000001.SZ,000001,20170103,91500970,892,30788,0,S,96900,500,
000001.SZ,000001,20170103,91500970,893,30790,0,S,98400,500,
000001.SZ,000001,20170103,91500970,894,30791,0,S,100100,500,
000001.SZ,000001,20170103,91500980,895,30828,0,B,90300,1300,
000001.SZ,000001,20170103,91500980,896,30874,0,S,91500,1900,
000001.SZ,000001,20170103,91500980,897,30878,0,S,91300,1900,
000001.SZ,000001,20170103,91500980,898,30885,0,B,90000,200,
000001.SZ,000001,20170103,91500980,899,30916,0,S,98000,200,
000001.SZ,000001,20170103,91500990,900,31010,0,S,95000,3600,
000001.SZ,000001,20170103,91500990,901,31051,0,B,90800,5500,
000001.SZ,000001,20170103,91501010,902,31299,0,S,100000,200,
000001.SZ,000001,20170103,91501010,903,31301,0,S,92800,3300,
000001.SZ,000001,20170103,91501010,904,31302,0,S,94700,1300,
000001.SZ,000001,20170103,91501010,905,31305,0,S,92800,500,
000001.SZ,000001,20170103,91501010,906,31306,0,S,94700,500,
000001.SZ,000001,20170103,91501010,907,31310,0,B,89200,500,
000001.SZ,000001,20170103,91501010,908,31313,0,B,88900,200,
000001.SZ,000001,20170103,91501020,909,31565,0,B,90100,800,
000001.SZ,000001,20170103,91501020,910,31574,0,B,89500,500,
000001.SZ,000001,20170103,91501020,911,31641,0,B,88500,1200,
000001.SZ,000001,20170103,91501020,912,31792,0,S,91000,13000,
000001.SZ,000001,20170103,91501030,913,31818,0,B,89300,200,
000001.SZ,000001,20170103,91501030,914,31819,0,B,88200,200,
000001.SZ,000001,20170103,91501030,915,31820,0,B,87100,200,
000001.SZ,000001,20170103,91501030,916,31822,0,B,86000,200,
000001.SZ,000001,20170103,91501030,917,31932,0,S,96900,5000,
000001.SZ,000001,20170103,91501030,918,32026,0,B,90400,1900,
000001.SZ,000001,20170103,91501030,919,32048,0,B,89000,1000,
000001.SZ,000001,20170103,91501030,920,32058,0,S,91700,1800,
000001.SZ,000001,20170103,91501030,921,32065,0,S,92400,1800,
000001.SZ,000001,20170103,91501030,922,32069,0,S,95000,1800,
000001.SZ,000001,20170103,91501030,923,32072,0,S,95700,1800,
000001.SZ,000001,20170103,91501030,924,32073,0,S,96400,2000,
000001.SZ,000001,20170103,91501030,925,32090,0,S,92200,30100,
000001.SZ,000001,20170103,91501030,926,32098,0,S,95800,300,
000001.SZ,000001,20170103,91501030,927,32099,0,S,96600,1000,
000001.SZ,000001,20170103,91501030,928,32100,0,S,97700,1000,
000001.SZ,000001,20170103,91501030,929,32101,0,S,98800,1000,
000001.SZ,000001,20170103,91501030,930,32102,0,S,99900,5000,
000001.SZ,000001,20170103,91501030,931,32107,0,S,92400,3000,
000001.SZ,000001,20170103,91501030,932,32108,0,S,92800,2000,
000001.SZ,000001,20170103,91501030,933,32109,0,S,93400,3000,
000001.SZ,000001,20170103,91501030,934,32110,0,S,95400,3000,
000001.SZ,000001,20170103,91501040,935,32164,0,S,99600,100,
000001.SZ,000001,20170103,91501040,936,32231,0,S,98800,2000,
000001.SZ,000001,20170103,91501040,937,32360,0,S,99300,3000,
000001.SZ,000001,20170103,91501050,938,32423,0,S,94200,1100,
000001.SZ,000001,20170103,91501050,939,32438,0,S,98500,1100,
000001.SZ,000001,20170103,91501050,940,32569,0,S,99900,100,
000001.SZ,000001,20170103,91501050,941,32608,0,B,90600,14000,
000001.SZ,000001,20170103,91501050,942,32632,0,S,91400,2100,
000001.SZ,000001,20170103,91501050,943,32633,0,B,90700,8300,
000001.SZ,000001,20170103,91501050,944,32644,0,B,90800,5000,
000001.SZ,000001,20170103,91501060,945,32714,0,B,83300,300,
000001.SZ,000001,20170103,91501060,946,32809,0,S,92500,600,
000001.SZ,000001,20170103,91501060,947,32811,0,S,93800,600,
000001.SZ,000001,20170103,91501060,948,32813,0,S,94900,600,
000001.SZ,000001,20170103,91501060,949,32878,0,B,91000,3000,
000001.SZ,000001,20170103,91501070,950,32970,0,B,90100,2000,
000001.SZ,000001,20170103,91501070,951,33007,0,S,91700,1000,
000001.SZ,000001,20170103,91501080,952,33063,0,B,90200,900,
000001.SZ,000001,20170103,91501080,953,33134,0,S,91100,17700,
000001.SZ,000001,20170103,91501080,954,33135,0,S,91100,17800,
000001.SZ,000001,20170103,91501080,955,33136,0,S,91100,17800,
000001.SZ,000001,20170103,91501080,956,33137,0,S,91000,13300,
000001.SZ,000001,20170103,91501080,957,33162,0,B,90100,7800,
000001.SZ,000001,20170103,91501080,958,33169,0,S,94000,1000,
000001.SZ,000001,20170103,91501090,959,33466,0,S,92000,2200,
000001.SZ,000001,20170103,91501100,960,33511,0,B,90500,1100,
000001.SZ,000001,20170103,91501100,961,33553,0,S,91300,2000,
000001.SZ,000001,20170103,91501110,962,33710,0,B,90100,5000,
000001.SZ,000001,20170103,91501110,963,33749,0,B,90000,600,
000001.SZ,000001,20170103,91501120,964,33843,0,S,92800,8000,
000001.SZ,000001,20170103,91501120,965,33914,0,S,91100,100,
000001.SZ,000001,20170103,91501130,966,33975,0,B,91000,100,
000001.SZ,000001,20170103,91501140,967,34068,0,S,95900,2000,
000001.SZ,000001,20170103,91501140,968,34072,0,S,95700,2800,
000001.SZ,000001,20170103,91501150,969,34198,0,S,95800,4000,
000001.SZ,000001,20170103,91501150,970,34199,0,S,95800,1000,
000001.SZ,000001,20170103,91501150,971,34200,0,S,95800,2000,
000001.SZ,000001,20170103,91501150,972,34252,0,B,90000,800,
000001.SZ,000001,20170103,91501160,973,34274,0,B,91000,12000,
000001.SZ,000001,20170103,91501160,974,34360,0,B,83300,1000,
000001.SZ,000001,20170103,91501170,975,34497,0,S,92900,1000,
000001.SZ,000001,20170103,91501170,976,34500,0,S,94500,1000,
000001.SZ,000001,20170103,91501170,977,34511,0,S,93900,1000,
000001.SZ,000001,20170103,91501170,978,34512,0,S,95500,1000,
000001.SZ,000001,20170103,91501170,979,34513,0,S,96900,1000,
000001.SZ,000001,20170103,91501170,980,34535,0,B,89000,900,
000001.SZ,000001,20170103,91501170,981,34547,0,S,97500,1000,
000001.SZ,000001,20170103,91501170,982,34549,0,S,98500,1000,
000001.SZ,000001,20170103,91501170,983,34572,0,S,91700,10000,
000001.SZ,000001,20170103,91501180,984,34640,0,B,90200,1000,
000001.SZ,000001,20170103,91501180,985,34685,0,B,90600,100,
000001.SZ,000001,20170103,91501190,986,34761,0,S,91600,2700,
000001.SZ,000001,20170103,91501190,987,34788,0,S,91100,1900,
000001.SZ,000001,20170103,91501190,988,34834,0,B,90700,3500,
000001.SZ,000001,20170103,91501200,989,34895,0,S,92800,2200,
000001.SZ,000001,20170103,91501200,990,34896,0,S,92900,2200,
000001.SZ,000001,20170103,91501200,991,34897,0,S,93000,2200,
000001.SZ,000001,20170103,91501200,992,34898,0,S,93600,2200,
000001.SZ,000001,20170103,91501230,993,35244,0,S,90700,8000,
000001.SZ,000001,20170103,91501230,994,35294,0,S,100100,500,
000001.SZ,000001,20170103,91501230,995,35415,0,S,99900,900,
000001.SZ,000001,20170103,91501250,996,35508,0,S,91600,8300,
000001.SZ,000001,20170103,91501250,997,35540,0,S,100000,1920,
000001.SZ,000001,20170103,91501260,998,35687,0,S,95600,2100,
000001.SZ,000001,20170103,91501270,999,35723,0,B,82000,1000,
000001.SZ,000001,20170103,91501270,1000,35725,0,S,100000,4800,
000001.SZ,000001,20170103,91501270,1001,35868,0,S,100000,16200,
000001.SZ,000001,20170103,91501270,1002,35875,0,B,90500,2900,
000001.SZ,000001,20170103,91501270,1003,35876,0,S,100000,27140,
000001.SZ,000001,20170103,91501280,1004,35947,0,B,90600,5600,
000001.SZ,000001,20170103,91501290,1005,36040,0,B,87800,2000,
000001.SZ,000001,20170103,91501290,1006,36070,0,B,87600,700,
000001.SZ,000001,20170103,91501300,1007,36175,0,S,92500,1000,
000001.SZ,000001,20170103,91501300,1008,36176,0,S,100000,3000,
000001.SZ,000001,20170103,91501300,1009,36230,0,B,90100,4000,
000001.SZ,000001,20170103,91501300,1010,36232,0,B,90100,2000,
000001.SZ,000001,20170103,91501300,1011,36253,0,S,92200,2000,
000001.SZ,000001,20170103,91501300,1012,36287,0,S,100100,100,
000001.SZ,000001,20170103,91501300,1013,36316,0,B,90800,700,
000001.SZ,000001,20170103,91501310,1014,36576,0,S,91400,2000,
000001.SZ,000001,20170103,91501310,1015,36578,0,B,90100,4000,
000001.SZ,000001,20170103,91501310,1016,36644,0,B,91000,100,
000001.SZ,000001,20170103,91501320,1017,36702,0,S,95000,600,
000001.SZ,000001,20170103,91501320,1018,36731,0,S,91300,1000,
000001.SZ,000001,20170103,91501320,1019,36779,0,B,90700,600,
000001.SZ,000001,20170103,91501320,1020,36799,0,B,89800,1000,
000001.SZ,000001,20170103,91501330,1021,36886,0,S,100100,300,
000001.SZ,000001,20170103,91501340,1022,36972,0,S,97000,500,
000001.SZ,000001,20170103,91501340,1023,36973,0,B,90000,500,
000001.SZ,000001,20170103,91501340,1024,37083,0,S,99900,10000,
000001.SZ,000001,20170103,91501340,1025,37090,0,S,98900,800,
000001.SZ,000001,20170103,91501340,1026,37091,0,S,91800,600,
000001.SZ,000001,20170103,91501340,1027,37133,0,B,90400,1000,
000001.SZ,000001,20170103,91501340,1028,37134,0,B,90300,1000,
000001.SZ,000001,20170103,91501340,1029,37135,0,B,90200,1000,
000001.SZ,000001,20170103,91501340,1030,37136,0,B,90100,1000,
000001.SZ,000001,20170103,91501340,1031,37137,0,B,90000,1000,
000001.SZ,000001,20170103,91501340,1032,37169,0,S,93900,4000,
000001.SZ,000001,20170103,91501350,1033,37266,0,S,99900,33549,
000001.SZ,000001,20170103,91501350,1034,37268,0,S,94900,2000,
000001.SZ,000001,20170103,91501350,1035,37269,0,S,99000,2000,
000001.SZ,000001,20170103,91501350,1036,37270,0,S,95900,2000,
000001.SZ,000001,20170103,91501350,1037,37271,0,S,97900,2000,
000001.SZ,000001,20170103,91501350,1038,37272,0,S,98900,2615,
000001.SZ,000001,20170103,91501350,1039,37273,0,S,93900,2000,
000001.SZ,000001,20170103,91501350,1040,37327,0,S,98600,4800,
000001.SZ,000001,20170103,91501350,1041,37343,0,S,96000,800,
000001.SZ,000001,20170103,91501350,1042,37349,0,S,100100,720,
000001.SZ,000001,20170103,91501350,1043,37359,0,B,90000,100,
000001.SZ,000001,20170103,91501350,1044,37360,0,B,89000,100,
000001.SZ,000001,20170103,91501350,1045,37361,0,B,88000,100,
000001.SZ,000001,20170103,91501350,1046,37362,0,B,87000,100,
000001.SZ,000001,20170103,91501350,1047,37363,0,B,86000,100,
000001.SZ,000001,20170103,91501360,1048,37507,0,B,90300,300,
000001.SZ,000001,20170103,91501360,1049,37512,0,S,93900,10000,
000001.SZ,000001,20170103,91501370,1050,37644,0,S,95000,1100,
000001.SZ,000001,20170103,91501380,1051,37797,0,B,90100,3000,
000001.SZ,000001,20170103,91501380,1052,37798,0,B,90500,2000,
000001.SZ,000001,20170103,91501380,1053,37859,0,S,94400,300,
000001.SZ,000001,20170103,91501380,1054,37888,0,S,91800,1700,
000001.SZ,000001,20170103,91501380,1055,37889,0,B,90200,1000,
000001.SZ,000001,20170103,91501380,1056,37984,0,S,95200,2000,
000001.SZ,000001,20170103,91501380,1057,37985,0,S,97200,3000,
000001.SZ,000001,20170103,91501380,1058,37986,0,S,99200,5000,
000001.SZ,000001,20170103,91501390,1059,38155,0,S,99900,3000,
000001.SZ,000001,20170103,91501390,1060,38232,0,S,97000,140,
000001.SZ,000001,20170103,91501400,1061,38280,0,B,90000,2400,
000001.SZ,000001,20170103,91501400,1062,38281,0,S,100000,1600,
000001.SZ,000001,20170103,91501400,1063,38380,0,S,91400,1500,
000001.SZ,000001,20170103,91501400,1064,38503,0,S,91500,1500,
000001.SZ,000001,20170103,91501400,1065,38505,0,S,91600,1500,
000001.SZ,000001,20170103,91501400,1066,38507,0,S,91700,1500,
000001.SZ,000001,20170103,91501400,1067,38511,0,S,91800,1500,
000001.SZ,000001,20170103,91501400,1068,38512,0,S,91900,1500,
000001.SZ,000001,20170103,91501400,1069,38515,0,S,92000,1500,
000001.SZ,000001,20170103,91501410,1070,38542,0,S,92900,2000,
000001.SZ,000001,20170103,91501410,1071,38566,0,S,90000,700,
000001.SZ,000001,20170103,91501410,1072,38577,0,B,90800,400,
000001.SZ,000001,20170103,91501420,1073,38592,0,S,91500,500,
000001.SZ,000001,20170103,91501420,1074,38593,0,S,91900,500,
000001.SZ,000001,20170103,91501420,1075,38611,0,S,91100,600,
000001.SZ,000001,20170103,91501420,1076,38629,0,B,90300,500,
000001.SZ,000001,20170103,91501430,1077,38775,0,S,91100,1200,
000001.SZ,000001,20170103,91501430,1078,38818,0,S,92900,9000,
000001.SZ,000001,20170103,91501430,1079,38842,0,S,91800,600,
000001.SZ,000001,20170103,91501440,1080,38956,0,S,94400,500,
000001.SZ,000001,20170103,91501440,1081,39010,0,S,94000,200,
000001.SZ,000001,20170103,91501450,1082,39045,0,S,97200,200,
000001.SZ,000001,20170103,91501450,1083,39046,0,S,100100,200,
000001.SZ,000001,20170103,91501450,1084,39047,0,B,81900,200,
000001.SZ,000001,20170103,91501450,1085,39057,0,S,100100,54360,
000001.SZ,000001,20170103,91501450,1086,39058,0,S,97800,40000,
000001.SZ,000001,20170103,91501450,1087,39063,0,B,84800,200,
000001.SZ,000001,20170103,91501450,1088,39064,0,B,83700,200,
000001.SZ,000001,20170103,91501450,1089,39068,0,B,82600,200,
000001.SZ,000001,20170103,91501480,1090,39451,0,S,99900,1000,
000001.SZ,000001,20170103,91501500,1091,39680,0,B,90100,1000,
000001.SZ,000001,20170103,91501500,1092,39681,0,B,89100,1000,
000001.SZ,000001,20170103,91501500,1093,39682,0,B,88100,1000,
000001.SZ,000001,20170103,91501500,1094,39687,0,S,91500,650500,
000001.SZ,000001,20170103,91501500,1095,39691,0,B,88400,2000,
000001.SZ,000001,20170103,91501500,1096,39692,0,S,92300,2000,
000001.SZ,000001,20170103,91501500,1097,39733,0,S,91200,2000,
000001.SZ,000001,20170103,91501500,1098,39734,0,S,91400,2000,
000001.SZ,000001,20170103,91501500,1099,39735,0,S,91400,2000,
000001.SZ,000001,20170103,91501500,1100,39736,0,S,91600,2000,
000001.SZ,000001,20170103,91501500,1101,39737,0,B,90500,3000,
000001.SZ,000001,20170103,91501500,1102,39742,0,B,90300,2000,
000001.SZ,000001,20170103,91501510,1103,39756,0,B,90200,2000,
000001.SZ,000001,20170103,91501520,1104,39946,0,B,87200,3000,
000001.SZ,000001,20170103,91501520,1105,39947,0,S,95500,2000,
000001.SZ,000001,20170103,91501520,1106,39948,0,S,99400,3000,
000001.SZ,000001,20170103,91501520,1107,39951,0,S,94700,3000,
000001.SZ,000001,20170103,91501520,1108,39952,0,S,94700,3000,
000001.SZ,000001,20170103,91501520,1109,39953,0,S,91100,17800,
000001.SZ,000001,20170103,91501520,1110,39954,0,S,91200,15400,
000001.SZ,000001,20170103,91501520,1111,39955,0,S,91200,17800,
000001.SZ,000001,20170103,91501530,1112,40065,0,S,96600,1000,
000001.SZ,000001,20170103,91501530,1113,40066,0,B,90900,1100,
000001.SZ,000001,20170103,91501530,1114,40111,0,S,97400,2000,
000001.SZ,000001,20170103,91501530,1115,40170,0,B,90600,1000,
000001.SZ,000001,20170103,91501530,1116,40196,0,S,91900,4100,
000001.SZ,000001,20170103,91501540,1117,40424,0,B,84800,200,
000001.SZ,000001,20170103,91501540,1118,40425,0,B,86200,200,
000001.SZ,000001,20170103,91501540,1119,40435,0,S,100100,100,
000001.SZ,000001,20170103,91501550,1120,40482,0,S,92000,200,
000001.SZ,000001,20170103,91501560,1121,40527,0,S,95200,20000,
000001.SZ,000001,20170103,91501560,1122,40581,0,S,92300,2800,
000001.SZ,000001,20170103,91501560,1123,40582,0,S,93600,2800,
000001.SZ,000001,20170103,91501560,1124,40583,0,S,94900,2800,
000001.SZ,000001,20170103,91501570,1125,40712,0,S,91200,600,
000001.SZ,000001,20170103,91501590,1126,40885,0,S,91400,2000,
000001.SZ,000001,20170103,91501590,1127,40888,0,B,90300,2000,
000001.SZ,000001,20170103,91501610,1128,41128,0,B,90600,5000,
000001.SZ,000001,20170103,91501630,1129,41332,0,S,97000,800,
000001.SZ,000001,20170103,91501640,1130,41464,0,S,98800,800,
000001.SZ,000001,20170103,91501650,1131,41534,0,S,92300,200,
000001.SZ,000001,20170103,91501650,1132,41535,0,S,93200,200,
000001.SZ,000001,20170103,91501650,1133,41538,0,S,94100,300,
000001.SZ,000001,20170103,91501650,1134,41539,0,S,95000,300,
000001.SZ,000001,20170103,91501650,1135,41540,0,S,95900,300,
000001.SZ,000001,20170103,91501650,1136,41541,0,S,96800,500,
000001.SZ,000001,20170103,91501650,1137,41579,0,S,91000,100,
000001.SZ,000001,20170103,91501650,1138,41613,0,S,93000,3300,
000001.SZ,000001,20170103,91501650,1139,41614,0,S,94000,6400,
000001.SZ,000001,20170103,91501650,1140,41615,0,S,95000,4600,
000001.SZ,000001,20170103,91501670,1141,41842,0,S,92700,3000,
000001.SZ,000001,20170103,91501670,1142,41900,0,B,90000,1900,
000001.SZ,000001,20170103,91501680,1143,41948,0,S,93800,200,
000001.SZ,000001,20170103,91501680,1144,42051,0,B,88000,700,
000001.SZ,000001,20170103,91501690,1145,42188,0,S,99800,300,
000001.SZ,000001,20170103,91501690,1146,42224,0,S,92400,1000,
000001.SZ,000001,20170103,91501700,1147,42331,0,S,98900,1000,
000001.SZ,000001,20170103,91501700,1148,42342,0,S,91900,4000,
000001.SZ,000001,20170103,91501700,1149,42484,0,B,90800,5000,
000001.SZ,000001,20170103,91501710,1150,42535,0,S,92900,800,
000001.SZ,000001,20170103,91501710,1151,42571,0,B,90600,1200,
000001.SZ,000001,20170103,91501710,1152,42579,0,S,91100,500,
000001.SZ,000001,20170103,91501730,1153,42748,0,S,99900,600,
000001.SZ,000001,20170103,91501730,1154,42750,0,B,89300,700,
000001.SZ,000001,20170103,91501730,1155,42759,0,S,92200,500,
000001.SZ,000001,20170103,91501730,1156,42760,0,S,92600,500,
000001.SZ,000001,20170103,91501730,1157,42772,0,B,90100,1000,
000001.SZ,000001,20170103,91501730,1158,42797,0,B,90100,500,
000001.SZ,000001,20170103,91501730,1159,42799,0,S,92900,1000,
000001.SZ,000001,20170103,91501740,1160,42969,0,S,95500,1000,
000001.SZ,000001,20170103,91501740,1161,43086,0,B,91100,5000,
000001.SZ,000001,20170103,91501740,1162,43087,0,B,90800,5000,
000001.SZ,000001,20170103,91501750,1163,43160,0,S,96700,400,
000001.SZ,000001,20170103,91501750,1164,43165,0,S,98000,17000,
000001.SZ,000001,20170103,91501750,1165,43166,0,B,87700,2700,
000001.SZ,000001,20170103,91501750,1166,43206,0,S,92800,1000,
000001.SZ,000001,20170103,91501750,1167,43236,0,S,91500,1000,
000001.SZ,000001,20170103,91501750,1168,43242,0,S,94000,600,
000001.SZ,000001,20170103,91501750,1169,43243,0,S,95000,600,
000001.SZ,000001,20170103,91501750,1170,43256,0,S,94900,500,
000001.SZ,000001,20170103,91501750,1171,43361,0,B,82000,200,
000001.SZ,000001,20170103,91501760,1172,43412,0,S,91000,3700,
000001.SZ,000001,20170103,91501760,1173,43498,0,B,83500,200,
000001.SZ,000001,20170103,91501760,1174,43533,0,S,99900,9000,
000001.SZ,000001,20170103,91501760,1175,43534,0,S,99800,3000,
000001.SZ,000001,20170103,91501760,1176,43562,0,S,91900,900,
000001.SZ,000001,20170103,91501770,1177,43666,0,B,88500,300,
000001.SZ,000001,20170103,91501770,1178,43692,0,B,89800,600,
000001.SZ,000001,20170103,91501770,1179,43716,0,S,91500,1300,
000001.SZ,000001,20170103,91501770,1180,43717,0,S,92000,1300,
000001.SZ,000001,20170103,91501770,1181,43718,0,S,92600,1300,
000001.SZ,000001,20170103,91501780,1182,43736,0,S,91800,600,
000001.SZ,000001,20170103,91501790,1183,43920,0,B,90000,900,
000001.SZ,000001,20170103,91501790,1184,43921,0,B,89000,900,
000001.SZ,000001,20170103,91501790,1185,43947,0,B,90600,2300,
000001.SZ,000001,20170103,91501790,1186,43948,0,B,90600,2300,
000001.SZ,000001,20170103,91501790,1187,43954,0,S,92000,200,
000001.SZ,000001,20170103,91501790,1188,43955,0,S,92900,200,
000001.SZ,000001,20170103,91501790,1189,43956,0,S,93800,200,
000001.SZ,000001,20170103,91501790,1190,43957,0,S,94700,300,
000001.SZ,000001,20170103,91501790,1191,43958,0,S,95600,300,
000001.SZ,000001,20170103,91501790,1192,43959,0,S,96500,400,
000001.SZ,000001,20170103,91501790,1193,43961,0,B,90000,300,
000001.SZ,000001,20170103,91501800,1194,44038,0,B,88000,900,
000001.SZ,000001,20170103,91501800,1195,44039,0,B,87000,900,
000001.SZ,000001,20170103,91501800,1196,44100,0,S,96000,800,
000001.SZ,000001,20170103,91501800,1197,44117,0,S,91600,12000,
000001.SZ,000001,20170103,91501800,1198,44118,0,S,92000,8000,
000001.SZ,000001,20170103,91501800,1199,44119,0,S,92400,8000,
000001.SZ,000001,20170103,91501810,1200,44173,0,S,91200,5800,
000001.SZ,000001,20170103,91501820,1201,44246,0,S,92300,600,
000001.SZ,000001,20170103,91501830,1202,44343,0,S,91800,500,
000001.SZ,000001,20170103,91501830,1203,44372,0,B,89200,400,
000001.SZ,000001,20170103,91501830,1204,44476,0,S,91900,10000,
000001.SZ,000001,20170103,91501830,1205,44497,0,S,99900,300,
000001.SZ,000001,20170103,91501840,1206,44687,0,S,91600,1000,
000001.SZ,000001,20170103,91501870,1207,44873,0,S,92600,1000,
000001.SZ,000001,20170103,91501880,1208,44935,0,S,93700,1000,
000001.SZ,000001,20170103,91501900,1209,45075,0,S,93000,2400,
000001.SZ,000001,20170103,91501900,1210,45092,0,S,100100,1000,
000001.SZ,000001,20170103,91501910,1211,45135,0,S,99200,10000,
000001.SZ,000001,20170103,91501910,1212,45172,0,S,96000,200,
000001.SZ,000001,20170103,91501910,1213,45173,0,S,98000,300,
000001.SZ,000001,20170103,91501910,1214,45174,0,S,97000,200,
000001.SZ,000001,20170103,91501910,1215,45175,0,S,99000,300,
000001.SZ,000001,20170103,91501960,1216,45525,0,B,90600,6000,
000001.SZ,000001,20170103,91501970,1217,45647,0,B,90000,900,
000001.SZ,000001,20170103,91501980,1218,45726,0,S,91700,500,
000001.SZ,000001,20170103,91502010,1219,46214,0,B,88600,800,
000001.SZ,000001,20170103,91502010,1220,46219,0,S,92400,800,
000001.SZ,000001,20170103,91502010,1221,46224,0,B,91100,500,
000001.SZ,000001,20170103,91502010,1222,46281,0,B,85000,1100,
000001.SZ,000001,20170103,91502030,1223,46419,0,B,90000,1200,
000001.SZ,000001,20170103,91502030,1224,46420,0,B,88800,1500,
000001.SZ,000001,20170103,91502030,1225,46452,0,B,90100,1000,
000001.SZ,000001,20170103,91502030,1226,46456,0,S,99400,1000,
000001.SZ,000001,20170103,91502040,1227,46531,0,S,98000,200,
000001.SZ,000001,20170103,91502040,1228,46532,0,S,98000,200,
000001.SZ,000001,20170103,91502040,1229,46564,0,S,93900,1200,
000001.SZ,000001,20170103,91502040,1230,46570,0,S,92100,600,
000001.SZ,000001,20170103,91502040,1231,46580,0,S,99600,3000,
000001.SZ,000001,20170103,91502080,1232,47087,0,B,90700,3000,
000001.SZ,000001,20170103,91502110,1233,47329,0,B,90800,9100,
000001.SZ,000001,20170103,91502120,1234,47393,0,S,92500,600,
000001.SZ,000001,20170103,91502120,1235,47396,0,S,92900,600,
000001.SZ,000001,20170103,91502120,1236,47397,0,S,93300,600,
000001.SZ,000001,20170103,91502120,1237,47398,0,S,93700,600,
000001.SZ,000001,20170103,91502120,1238,47400,0,S,94100,700,
000001.SZ,000001,20170103,91502120,1239,47401,0,S,94500,700,
000001.SZ,000001,20170103,91502120,1240,47411,0,B,90100,600,
000001.SZ,000001,20170103,91502130,1241,47514,0,S,99000,1000,
000001.SZ,000001,20170103,91502130,1242,47552,0,S,91800,11000,
000001.SZ,000001,20170103,91502130,1243,47579,0,S,100000,2000,
000001.SZ,000001,20170103,91502130,1244,47581,0,B,90000,1800,
000001.SZ,000001,20170103,91502130,1245,47606,0,S,93400,1600,
000001.SZ,000001,20170103,91502130,1246,47607,0,S,93900,1700,
000001.SZ,000001,20170103,91502140,1247,47659,0,S,94000,5000,
000001.SZ,000001,20170103,91502140,1248,47660,0,B,90200,5000,
000001.SZ,000001,20170103,91502140,1249,47772,0,S,96000,1000,
000001.SZ,000001,20170103,91502140,1250,47773,0,S,97000,1000,
000001.SZ,000001,20170103,91502140,1251,47774,0,S,97500,1000,
000001.SZ,000001,20170103,91502140,1252,47775,0,S,98500,1000,
000001.SZ,000001,20170103,91502140,1253,47776,0,S,99500,2000,
000001.SZ,000001,20170103,91502140,1254,47831,0,B,90500,2600,
000001.SZ,000001,20170103,91502140,1255,47852,0,S,100100,200,
000001.SZ,000001,20170103,91502150,1256,47868,0,S,98900,2000,
000001.SZ,000001,20170103,91502170,1257,48096,0,S,99900,2120,
000001.SZ,000001,20170103,91502170,1258,48099,0,S,92300,1500,
000001.SZ,000001,20170103,91502170,1259,48134,0,S,91100,6300,
000001.SZ,000001,20170103,91502170,1260,48241,0,S,91600,5000,
000001.SZ,000001,20170103,91502190,1261,48379,0,B,85000,100,
000001.SZ,000001,20170103,91502190,1262,48410,0,B,88500,1700,
000001.SZ,000001,20170103,91502200,1263,48440,0,S,91100,13000,
000001.SZ,000001,20170103,91502200,1264,48441,0,S,97500,5000,
000001.SZ,000001,20170103,91502200,1265,48442,0,B,90100,2600,
000001.SZ,000001,20170103,91502200,1266,48443,0,B,87500,2600,
000001.SZ,000001,20170103,91502200,1267,48500,0,B,90100,500,
000001.SZ,000001,20170103,91502200,1268,48501,0,S,93900,500,
000001.SZ,000001,20170103,91502230,1269,48811,0,B,89100,1000,
000001.SZ,000001,20170103,91502230,1270,48844,0,S,91000,12900,
000001.SZ,000001,20170103,91502230,1271,48876,0,S,99000,3800,
000001.SZ,000001,20170103,91502240,1272,48911,0,S,94900,800,
000001.SZ,000001,20170103,91502250,1273,48972,0,B,89800,2000,
000001.SZ,000001,20170103,91502250,1274,48973,0,B,89300,2000,
000001.SZ,000001,20170103,91502250,1275,48989,0,B,88800,2000,
000001.SZ,000001,20170103,91502250,1276,48990,0,S,92300,1500,
000001.SZ,000001,20170103,91502250,1277,48991,0,S,92800,1500,
000001.SZ,000001,20170103,91502250,1278,48992,0,S,93300,1500,
000001.SZ,000001,20170103,91502250,1279,48993,0,S,93800,1500,
000001.SZ,000001,20170103,91502250,1280,48997,0,S,94300,1000,
000001.SZ,000001,20170103,91502250,1281,48998,0,S,94800,2000,
000001.SZ,000001,20170103,91502250,1282,48999,0,S,95300,2000,
000001.SZ,000001,20170103,91502250,1283,49000,0,S,95800,3000,
000001.SZ,000001,20170103,91502250,1284,49001,0,S,96300,3000,
000001.SZ,000001,20170103,91502250,1285,49002,0,S,96800,4000,
000001.SZ,000001,20170103,91502250,1286,49003,0,S,97300,4000,
000001.SZ,000001,20170103,91502250,1287,49004,0,S,97800,6000,
000001.SZ,000001,20170103,91502250,1288,49033,0,S,94800,3000,
000001.SZ,000001,20170103,91502250,1289,49037,0,S,99800,20000,
000001.SZ,000001,20170103,91502270,1290,49157,0,B,90000,600,
000001.SZ,000001,20170103,91502270,1291,49158,0,B,90200,1000,
000001.SZ,000001,20170103,91502270,1292,49173,0,B,87700,700,
000001.SZ,000001,20170103,91502270,1293,49185,0,B,90100,1200,
000001.SZ,000001,20170103,91502270,1294,49189,0,S,91900,10000,
000001.SZ,000001,20170103,91502270,1295,49212,0,S,100100,100,
000001.SZ,000001,20170103,91502280,1296,49297,0,S,95900,7000,
000001.SZ,000001,20170103,91502290,1297,49375,0,S,96000,800,
000001.SZ,000001,20170103,91502290,1298,49395,0,S,97500,1000,
000001.SZ,000001,20170103,91502290,1299,49433,0,S,95800,1200,
000001.SZ,000001,20170103,91502290,1300,49434,0,S,94800,1100,
000001.SZ,000001,20170103,91502290,1301,49435,0,B,90300,1800,
000001.SZ,000001,20170103,91502290,1302,49436,0,S,95800,1800,
000001.SZ,000001,20170103,91502300,1303,49447,0,S,95800,1400,
000001.SZ,000001,20170103,91502300,1304,49448,0,S,95300,1400,
000001.SZ,000001,20170103,91502300,1305,49449,0,S,94800,1300,
000001.SZ,000001,20170103,91502310,1306,49565,0,B,90800,5000,
000001.SZ,000001,20170103,91502310,1307,49791,0,S,100100,300,
000001.SZ,000001,20170103,91502320,1308,49799,0,S,95900,1200,
000001.SZ,000001,20170103,91502320,1309,49811,0,B,90200,2000,
000001.SZ,000001,20170103,91502320,1310,49814,0,S,100000,200,
000001.SZ,000001,20170103,91502320,1311,49850,0,S,92700,800,
000001.SZ,000001,20170103,91502330,1312,49945,0,S,91000,100,
000001.SZ,000001,20170103,91502350,1313,50054,0,B,89800,600,
000001.SZ,000001,20170103,91502350,1314,50059,0,S,95100,1000,
000001.SZ,000001,20170103,91502350,1315,50060,0,S,98800,1000,
000001.SZ,000001,20170103,91502350,1316,50092,0,S,92900,3300,
000001.SZ,000001,20170103,91502350,1317,50094,0,S,93700,3300,
000001.SZ,000001,20170103,91502350,1318,50110,0,S,96500,100,
000001.SZ,000001,20170103,91502350,1319,50118,0,B,90000,100,
000001.SZ,000001,20170103,91502350,1320,50157,0,B,90300,700,
000001.SZ,000001,20170103,91502350,1321,50230,0,S,100100,30000,
000001.SZ,000001,20170103,91502360,1322,50307,0,S,91600,500,
000001.SZ,000001,20170103,91502370,1323,50401,0,S,91800,500,
000001.SZ,000001,20170103,91502380,1324,50474,0,S,99800,2000,
000001.SZ,000001,20170103,91502380,1325,50475,0,S,100100,2000,
000001.SZ,000001,20170103,91502390,1326,50631,0,B,90200,1700,
000001.SZ,000001,20170103,91502390,1327,50659,0,B,90100,1000,
000001.SZ,000001,20170103,91502390,1328,50673,0,S,93300,200,
000001.SZ,000001,20170103,91502390,1329,50674,0,S,97500,200,
000001.SZ,000001,20170103,91502390,1330,50675,0,S,99800,300,
000001.SZ,000001,20170103,91502410,1331,50808,0,S,91200,7000,
000001.SZ,000001,20170103,91502410,1332,50809,0,B,90100,3500,
000001.SZ,000001,20170103,91502410,1333,50857,0,B,90800,1300,
000001.SZ,000001,20170103,91502420,1334,50933,0,S,94500,500,
000001.SZ,000001,20170103,91502420,1335,51003,0,S,96500,600,
000001.SZ,000001,20170103,91502430,1336,51026,0,S,100100,16000,
000001.SZ,000001,20170103,91502430,1337,51028,0,S,100100,13000,
000001.SZ,000001,20170103,91502430,1338,51031,0,B,90100,20000,
000001.SZ,000001,20170103,91502430,1339,51081,0,S,93800,1300,
000001.SZ,000001,20170103,91502430,1340,51085,0,S,94800,1300,
000001.SZ,000001,20170103,91502430,1341,51100,0,S,95800,1300,
000001.SZ,000001,20170103,91502430,1342,51102,0,S,96800,1300,
000001.SZ,000001,20170103,91502430,1343,51157,0,S,91300,10000,
000001.SZ,000001,20170103,91502430,1344,51171,0,S,91300,10000,
000001.SZ,000001,20170103,91502440,1345,51279,0,B,90000,50000,
000001.SZ,000001,20170103,91502450,1346,51333,0,S,92800,2000,
000001.SZ,000001,20170103,91502450,1347,51339,0,S,93500,1000,
000001.SZ,000001,20170103,91502450,1348,51365,0,B,91100,5000,
000001.SZ,000001,20170103,91502450,1349,51366,0,B,90600,5000,
000001.SZ,000001,20170103,91502460,1350,51440,0,S,100000,1000,
000001.SZ,000001,20170103,91502460,1351,51480,0,S,99900,2000,
000001.SZ,000001,20170103,91502460,1352,51481,0,S,99900,2000,
000001.SZ,000001,20170103,91502460,1353,51503,0,S,93500,5000,
000001.SZ,000001,20170103,91502460,1354,51525,0,B,89800,300,
000001.SZ,000001,20170103,91502470,1355,51568,0,S,91600,100,
000001.SZ,000001,20170103,91502480,1356,51704,0,B,90200,1000,
000001.SZ,000001,20170103,91502500,1357,51915,0,B,90100,900,
000001.SZ,000001,20170103,91502520,1358,52218,0,S,92000,1600,
000001.SZ,000001,20170103,91502530,1359,52321,0,B,89000,1000,
000001.SZ,000001,20170103,91502530,1360,52322,0,S,95000,1000,
000001.SZ,000001,20170103,91502530,1361,52323,0,S,98000,1000,
000001.SZ,000001,20170103,91502550,1362,52405,0,S,92500,2000,
000001.SZ,000001,20170103,91502550,1363,52406,0,S,93000,2000,
000001.SZ,000001,20170103,91502550,1364,52407,0,S,93500,2000,
000001.SZ,000001,20170103,91502550,1365,52408,0,S,94000,2000,
000001.SZ,000001,20170103,91502550,1366,52409,0,S,94500,2000,
000001.SZ,000001,20170103,91502550,1367,52410,0,S,95000,2000,
000001.SZ,000001,20170103,91502560,1368,52548,0,B,90600,600,
000001.SZ,000001,20170103,91502560,1369,52549,0,B,90300,700,
000001.SZ,000001,20170103,91502650,1370,53026,0,S,93900,2000,
000001.SZ,000001,20170103,91502650,1371,53027,0,B,90000,2000,
000001.SZ,000001,20170103,91502650,1372,53048,0,S,92300,7000,
000001.SZ,000001,20170103,91502650,1373,53059,0,S,96200,4000,
000001.SZ,000001,20170103,91502650,1374,53060,0,S,98700,5000,
000001.SZ,000001,20170103,91502650,1375,53061,0,B,90200,500,
000001.SZ,000001,20170103,91502660,1376,53272,0,S,100100,700,
000001.SZ,000001,20170103,91502680,1377,53473,0,B,90000,1000,
000001.SZ,000001,20170103,91502690,1378,53488,0,S,90500,100,
000001.SZ,000001,20170103,91502690,1379,53548,0,S,98500,1000,
000001.SZ,000001,20170103,91502690,1380,53551,0,B,90100,3000,
000001.SZ,000001,20170103,91502690,1381,53552,0,S,97500,7520,
000001.SZ,000001,20170103,91502720,1382,53717,0,B,90100,100,
000001.SZ,000001,20170103,91502720,1383,53720,0,B,90000,100,
000001.SZ,000001,20170103,91502720,1384,53730,0,B,89000,200,
000001.SZ,000001,20170103,91502720,1385,53731,0,B,85200,1000,
000001.SZ,000001,20170103,91502730,1386,53734,0,S,94600,2000,
000001.SZ,000001,20170103,91502730,1387,53738,0,S,95100,2000,
000001.SZ,000001,20170103,91502730,1388,53739,0,S,95600,2000,
000001.SZ,000001,20170103,91502730,1389,53743,0,S,96100,2000,
000001.SZ,000001,20170103,91502730,1390,53744,0,S,96600,2000,
000001.SZ,000001,20170103,91502730,1391,53785,0,S,97100,2000,
000001.SZ,000001,20170103,91502730,1392,53806,0,B,90000,1900,
000001.SZ,000001,20170103,91502730,1393,53815,0,S,91000,5000,
000001.SZ,000001,20170103,91502740,1394,53890,0,S,97000,1000,
000001.SZ,000001,20170103,91502740,1395,53891,0,B,87000,1000,
000001.SZ,000001,20170103,91502740,1396,53969,0,S,95000,2200,
000001.SZ,000001,20170103,91502750,1397,54020,0,S,96000,1000,
000001.SZ,000001,20170103,91502780,1398,54244,0,B,90100,1000,
000001.SZ,000001,20170103,91502780,1399,54283,0,B,90800,2000,
000001.SZ,000001,20170103,91502780,1400,54285,0,B,90600,2000,
000001.SZ,000001,20170103,91502800,1401,54442,0,B,90600,200,
000001.SZ,000001,20170103,91502800,1402,54443,0,S,92000,200,
000001.SZ,000001,20170103,91502800,1403,54459,0,B,90600,2300,
000001.SZ,000001,20170103,91502800,1404,54460,0,B,90500,2300,
000001.SZ,000001,20170103,91502800,1405,54470,0,S,96800,1200,
000001.SZ,000001,20170103,91502800,1406,54508,0,S,94000,1000,
000001.SZ,000001,20170103,91502810,1407,54623,0,S,99400,1000,
000001.SZ,000001,20170103,91502830,1408,54957,0,B,90600,3000,
000001.SZ,000001,20170103,91502840,1409,55045,0,S,99000,240,
000001.SZ,000001,20170103,91502840,1410,55078,0,S,91500,400,
000001.SZ,000001,20170103,91502850,1411,55156,0,S,99900,1000,
000001.SZ,000001,20170103,91502850,1412,55177,0,S,100100,100,
000001.SZ,000001,20170103,91502870,1413,55399,0,B,89800,2000,
000001.SZ,000001,20170103,91502880,1414,55510,0,S,99800,16865,
000001.SZ,000001,20170103,91502880,1415,55582,0,B,90000,10000,
000001.SZ,000001,20170103,91502880,1416,55607,0,B,90900,22000,
000001.SZ,000001,20170103,91502890,1417,55642,0,B,90800,1200,
000001.SZ,000001,20170103,91502900,1418,55661,0,B,90000,500,
000001.SZ,000001,20170103,91502900,1419,55664,0,B,89500,500,
000001.SZ,000001,20170103,91502900,1420,55721,0,S,94300,2500,
000001.SZ,000001,20170103,91502900,1421,55722,0,S,95500,2500,
000001.SZ,000001,20170103,91502900,1422,55723,0,S,96800,3000,
000001.SZ,000001,20170103,91502900,1423,55735,0,S,91600,35600,
000001.SZ,000001,20170103,91502900,1424,55746,0,S,99500,1800,
000001.SZ,000001,20170103,91502900,1425,55747,0,S,98800,1800,
000001.SZ,000001,20170103,91502900,1426,55748,0,S,98100,1800,
000001.SZ,000001,20170103,91502900,1427,55749,0,S,97400,1800,
000001.SZ,000001,20170103,91502900,1428,55750,0,S,96700,1800,
000001.SZ,000001,20170103,91502900,1429,55751,0,S,96000,1800,
000001.SZ,000001,20170103,91502910,1430,55875,0,B,90100,1100,
000001.SZ,000001,20170103,91502910,1431,55933,0,B,89600,1000,
000001.SZ,000001,20170103,91502910,1432,55935,0,S,94100,1000,
000001.SZ,000001,20170103,91502920,1433,55975,0,B,90400,200,
000001.SZ,000001,20170103,91502930,1434,56043,0,B,90800,7500,
000001.SZ,000001,20170103,91502940,1435,56160,0,S,92500,2000,
000001.SZ,000001,20170103,91502940,1436,56170,0,S,91800,5000,
000001.SZ,000001,20170103,91502940,1437,56182,0,S,92000,1000,
000001.SZ,000001,20170103,91502940,1438,56183,0,S,93000,1000,
000001.SZ,000001,20170103,91502940,1439,56184,0,B,90000,2000,
000001.SZ,000001,20170103,91502940,1440,56207,0,S,95000,1000,
000001.SZ,000001,20170103,91502940,1441,56208,0,S,96000,1000,
000001.SZ,000001,20170103,91502940,1442,56227,0,S,91900,3000,
000001.SZ,000001,20170103,91502950,1443,56248,0,B,90800,1000,
000001.SZ,000001,20170103,91502950,1444,56372,0,S,95000,1000,
000001.SZ,000001,20170103,91502950,1445,56374,0,S,92400,10000,
000001.SZ,000001,20170103,91502960,1446,56428,0,B,89000,200,
000001.SZ,000001,20170103,91502990,1447,56583,0,S,93900,2000,
000001.SZ,000001,20170103,91502990,1448,56585,0,B,88100,2000,
000001.SZ,000001,20170103,91503000,1449,56626,0,S,92000,2500,
000001.SZ,000001,20170103,91503000,1450,56634,0,S,93500,1800,
000001.SZ,000001,20170103,91503000,1451,56636,0,S,94100,1800,
000001.SZ,000001,20170103,91503000,1452,56637,0,S,94700,1800,
000001.SZ,000001,20170103,91503000,1453,56638,0,S,95300,1800,
000001.SZ,000001,20170103,91503000,1454,56664,0,B,90900,5500,
000001.SZ,000001,20170103,91503000,1455,56667,0,S,95800,2000,
000001.SZ,000001,20170103,91503000,1456,56668,0,S,98800,2000,
000001.SZ,000001,20170103,91503000,1457,56705,0,B,90000,2000,
000001.SZ,000001,20170103,91503000,1458,56706,0,B,89500,2000,
000001.SZ,000001,20170103,91503000,1459,56707,0,B,89000,2000,
000001.SZ,000001,20170103,91503000,1460,56708,0,B,88500,2000,
000001.SZ,000001,20170103,91503000,1461,56715,0,B,90500,6600,
000001.SZ,000001,20170103,91503010,1462,56794,0,B,90000,700,
000001.SZ,000001,20170103,91503020,1463,56869,0,B,90500,3300,
000001.SZ,000001,20170103,91503020,1464,56893,0,S,96800,9000,
000001.SZ,000001,20170103,91503020,1465,56895,0,S,95800,9000,
000001.SZ,000001,20170103,91503020,1466,56896,0,S,94800,9000,
000001.SZ,000001,20170103,91503020,1467,56916,0,S,91000,2000,
000001.SZ,000001,20170103,91503030,1468,56972,0,S,99700,6400,
000001.SZ,000001,20170103,91503030,1469,56987,0,S,97500,200,
000001.SZ,000001,20170103,91503060,1470,57068,0,S,92000,500,
000001.SZ,000001,20170103,91503060,1471,57069,0,S,93000,500,
000001.SZ,000001,20170103,91503070,1472,57145,0,S,91800,1100,
000001.SZ,000001,20170103,91503070,1473,57146,0,S,92500,2300,
000001.SZ,000001,20170103,91503090,1474,57292,0,B,90800,23400,
000001.SZ,000001,20170103,91503090,1475,57302,0,B,90800,23400,
000001.SZ,000001,20170103,91503100,1476,57335,0,B,90900,1800,
000001.SZ,000001,20170103,91503100,1477,57343,0,S,91500,4000,
000001.SZ,000001,20170103,91503100,1478,57346,0,S,95500,3000,
000001.SZ,000001,20170103,91503110,1479,57437,0,B,90000,1400,
000001.SZ,000001,20170103,91503110,1480,57444,0,S,95500,10000,
000001.SZ,000001,20170103,91503120,1481,57467,0,S,97000,1000,
000001.SZ,000001,20170103,91503120,1482,57525,0,S,92900,5500,
000001.SZ,000001,20170103,91503130,1483,57578,0,S,92300,300,
000001.SZ,000001,20170103,91503130,1484,57588,0,S,91300,1000,
000001.SZ,000001,20170103,91503140,1485,57621,0,S,95000,300,
000001.SZ,000001,20170103,91503140,1486,57622,0,S,96500,300,
000001.SZ,000001,20170103,91503140,1487,57623,0,S,98000,300,
000001.SZ,000001,20170103,91503200,1488,57952,0,S,100100,1000,
000001.SZ,000001,20170103,91503210,1489,58028,0,S,94500,2000,
000001.SZ,000001,20170103,91503210,1490,58029,0,S,94900,2000,
000001.SZ,000001,20170103,91503210,1491,58030,0,S,97800,2000,
000001.SZ,000001,20170103,91503210,1492,58031,0,S,98800,2000,
000001.SZ,000001,20170103,91503240,1493,58123,0,S,98300,4000,
000001.SZ,000001,20170103,91503240,1494,58124,0,S,98800,6000,
000001.SZ,000001,20170103,91503240,1495,58125,0,S,99300,4000,
000001.SZ,000001,20170103,91503240,1496,58126,0,S,99800,6000,
000001.SZ,000001,20170103,91503240,1497,58166,0,S,99000,3000,
000001.SZ,000001,20170103,91503240,1498,58226,0,B,90800,2000,
000001.SZ,000001,20170103,91503250,1499,58256,0,S,100000,100,
000001.SZ,000001,20170103,91503260,1500,58317,0,S,99800,3600,
000001.SZ,000001,20170103,91503260,1501,58319,0,B,90100,3600,
000001.SZ,000001,20170103,91503260,1502,58331,0,B,91000,300,
000001.SZ,000001,20170103,91503290,1503,58421,0,S,91100,1800,
000001.SZ,000001,20170103,91503290,1504,58422,0,S,91300,1800,
000001.SZ,000001,20170103,91503290,1505,58425,0,S,91500,1800,
000001.SZ,000001,20170103,91503290,1506,58426,0,S,91700,1800,
000001.SZ,000001,20170103,91503290,1507,58427,0,S,91900,1800,
000001.SZ,000001,20170103,91503290,1508,58428,0,S,92100,1800,
000001.SZ,000001,20170103,91503290,1509,58429,0,S,92300,1800,
000001.SZ,000001,20170103,91503290,1510,58430,0,S,92500,1800,
000001.SZ,000001,20170103,91503290,1511,58431,0,S,92700,1800,
000001.SZ,000001,20170103,91503290,1512,58434,0,S,92900,1800,
000001.SZ,000001,20170103,91503290,1513,58471,0,B,90000,1000,
000001.SZ,000001,20170103,91503290,1514,58472,0,B,89500,1000,
000001.SZ,000001,20170103,91503300,1515,58487,0,B,91000,100,
000001.SZ,000001,20170103,91503300,1516,58493,0,S,93000,300,
000001.SZ,000001,20170103,91503300,1517,58495,0,S,95000,400,
000001.SZ,000001,20170103,91503310,1518,58527,0,S,91000,1100,
000001.SZ,000001,20170103,91503310,1519,58535,0,S,95800,2000,
000001.SZ,000001,20170103,91503310,1520,58537,0,S,99800,2400,
000001.SZ,000001,20170103,91503330,1521,58658,0,S,96000,500,
000001.SZ,000001,20170103,91503330,1522,58680,0,S,93800,2000,
000001.SZ,000001,20170103,91503340,1523,58792,0,B,90300,2000,
000001.SZ,000001,20170103,91503380,1524,59008,0,S,91400,3000,
000001.SZ,000001,20170103,91503380,1525,59011,0,S,91600,10000,
000001.SZ,000001,20170103,91503380,1526,59013,0,S,92800,10000,
000001.SZ,000001,20170103,91503380,1527,59015,0,S,91800,5000,
000001.SZ,000001,20170103,91503390,1528,59091,0,B,90100,1000,
000001.SZ,000001,20170103,91503400,1529,59122,0,S,97000,500,
000001.SZ,000001,20170103,91503400,1530,59124,0,S,98000,500,
000001.SZ,000001,20170103,91503400,1531,59129,0,S,99800,500,
000001.SZ,000001,20170103,91503400,1532,59132,0,S,100100,1200,
000001.SZ,000001,20170103,91503420,1533,59307,0,S,93500,1000,
000001.SZ,000001,20170103,91503420,1534,59308,0,S,96600,2000,
000001.SZ,000001,20170103,91503420,1535,59311,0,S,92200,3000,
000001.SZ,000001,20170103,91503420,1536,59312,0,S,95400,1000,
000001.SZ,000001,20170103,91503420,1537,59316,0,S,93000,3000,
000001.SZ,000001,20170103,91503420,1538,59319,0,B,87000,100,
000001.SZ,000001,20170103,91503420,1539,59332,0,B,90000,500,
000001.SZ,000001,20170103,91503420,1540,59340,0,S,99800,2000,
000001.SZ,000001,20170103,91503420,1541,59346,0,B,85900,500,
000001.SZ,000001,20170103,91503420,1542,59398,0,B,90300,6800,
000001.SZ,000001,20170103,91503420,1543,59409,0,S,99800,4000,
000001.SZ,000001,20170103,91503440,1544,59522,0,B,88700,100,
000001.SZ,000001,20170103,91503450,1545,59598,0,B,90800,15000,
000001.SZ,000001,20170103,91503460,1546,59649,0,B,85900,500,
000001.SZ,000001,20170103,91503470,1547,59696,0,S,91400,2000,
000001.SZ,000001,20170103,91503470,1548,59711,0,B,90000,4000,
000001.SZ,000001,20170103,91503490,1549,59803,0,S,94800,5000,
000001.SZ,000001,20170103,91503490,1550,59817,0,S,92500,200,
000001.SZ,000001,20170103,91503500,1551,59921,0,S,94400,1980,
000001.SZ,000001,20170103,91503520,1552,60112,0,S,97500,800,
000001.SZ,000001,20170103,91503520,1553,60113,0,S,100100,1000,
000001.SZ,000001,20170103,91503520,1554,60119,0,S,97500,500,
000001.SZ,000001,20170103,91503520,1555,60120,0,S,100100,500,
000001.SZ,000001,20170103,91503520,1556,60123,0,S,93800,200,
000001.SZ,000001,20170103,91503520,1557,60124,0,S,97500,500,
000001.SZ,000001,20170103,91503520,1558,60125,0,S,100100,500,
000001.SZ,000001,20170103,91503550,1559,60310,0,S,92800,1200,
000001.SZ,000001,20170103,91503560,1560,60359,0,B,90100,400,
000001.SZ,000001,20170103,91503580,1561,60464,0,S,100100,5000,
000001.SZ,000001,20170103,91503640,1562,60852,0,S,94300,600,
000001.SZ,000001,20170103,91503660,1563,60940,0,B,87600,2000,
000001.SZ,000001,20170103,91503660,1564,60943,0,S,93600,1000,
000001.SZ,000001,20170103,91503670,1565,61096,0,S,91200,3000,
000001.SZ,000001,20170103,91503690,1566,61287,0,S,100000,300,
000001.SZ,000001,20170103,91503710,1567,61454,0,S,92500,1000,
000001.SZ,000001,20170103,91503710,1568,61455,0,S,93500,1000,
000001.SZ,000001,20170103,91503710,1569,61456,0,S,93900,1000,
000001.SZ,000001,20170103,91503710,1570,61465,0,B,86400,1200,
000001.SZ,000001,20170103,91503720,1571,61546,0,B,90100,2000,
000001.SZ,000001,20170103,91503730,1572,61688,0,S,99900,10700,
000001.SZ,000001,20170103,91503730,1573,61689,0,S,100100,15000,
000001.SZ,000001,20170103,91503730,1574,61692,0,B,90100,5000,
000001.SZ,000001,20170103,91503740,1575,61777,0,S,93000,1000,
000001.SZ,000001,20170103,91503750,1576,61808,0,S,91000,3300,
000001.SZ,000001,20170103,91503760,1577,61878,0,B,89800,700,
000001.SZ,000001,20170103,91503760,1578,61879,0,S,99900,820,
000001.SZ,000001,20170103,91503760,1579,61880,0,S,100100,1000,
000001.SZ,000001,20170103,91503770,1580,61996,0,S,93000,2000,
000001.SZ,000001,20170103,91503770,1581,62074,0,S,91800,2000,
000001.SZ,000001,20170103,91503770,1582,62079,0,S,95500,5000,
000001.SZ,000001,20170103,91503770,1583,62081,0,S,93500,5000,
000001.SZ,000001,20170103,91503770,1584,62087,0,S,99800,1100,
000001.SZ,000001,20170103,91503780,1585,62151,0,B,90500,400,
000001.SZ,000001,20170103,91503790,1586,62209,0,S,92500,5000,
000001.SZ,000001,20170103,91503790,1587,62210,0,S,93000,5000,
000001.SZ,000001,20170103,91503800,1588,62220,0,S,100100,300,
000001.SZ,000001,20170103,91503800,1589,62254,0,B,90100,3000,
000001.SZ,000001,20170103,91503800,1590,62258,0,B,88000,500,
000001.SZ,000001,20170103,91503800,1591,62262,0,B,90100,2500,
000001.SZ,000001,20170103,91503820,1592,62403,0,B,90000,1100,
000001.SZ,000001,20170103,91503820,1593,62406,0,B,90000,1000,
000001.SZ,000001,20170103,91503820,1594,62413,0,B,89700,1000,
000001.SZ,000001,20170103,91503820,1595,62432,0,S,93200,1000,
000001.SZ,000001,20170103,91503820,1596,62462,0,S,93500,1000,
000001.SZ,000001,20170103,91503820,1597,62476,0,S,93700,1000,
000001.SZ,000001,20170103,91503820,1598,62484,0,S,94000,1000,
000001.SZ,000001,20170103,91503820,1599,62485,0,S,94200,1000,
000001.SZ,000001,20170103,91503820,1600,62487,0,S,94500,1000,
000001.SZ,000001,20170103,91503820,1601,62503,0,S,94700,1000,
000001.SZ,000001,20170103,91503820,1602,62506,0,S,95000,1000,
000001.SZ,000001,20170103,91503820,1603,62507,0,S,95200,1000,
000001.SZ,000001,20170103,91503840,1604,62603,0,B,89000,500,
000001.SZ,000001,20170103,91503840,1605,62609,0,S,93000,500,
000001.SZ,000001,20170103,91503840,1606,62612,0,S,95000,500,
000001.SZ,000001,20170103,91503840,1607,62625,0,S,93100,2000,
000001.SZ,000001,20170103,91503850,1608,62658,0,S,94000,500,
000001.SZ,000001,20170103,91503850,1609,62660,0,S,94500,500,
000001.SZ,000001,20170103,91503850,1610,62693,0,S,94500,1000,
000001.SZ,000001,20170103,91503850,1611,62694,0,S,95500,1000,
000001.SZ,000001,20170103,91503850,1612,62695,0,S,96500,1000,
000001.SZ,000001,20170103,91503850,1613,62696,0,S,97500,1000,
000001.SZ,000001,20170103,91503870,1614,62799,0,B,90100,3000,
