市场代码,证券代码,时间,最新价,成交笔数,成交额,成交量,方向,买一价,买二价,买三价,买四价,买五价,卖一价,卖二价,卖三价,卖四价,卖五价,买一量,买二量,买三量,买四量,买五量,卖一量,卖二量,卖三量,卖四量,卖五量
SH,601611,2017-01-06 09:25:02,17.9000,189,3034050.0000,1695,B,17.8900,17.8800,17.8700,17.8600,17.8500,17.9000,17.9200,17.9300,17.9400,17.9500,10,54,10,146,680,623,2,5,23,36
SH,601611,2017-01-06 09:30:02,17.8800,41,704696.0000,394,S,17.8700,17.8600,17.8500,17.8400,17.8300,17.8800,17.8900,17.9000,17.9200,17.9300,506,415,876,13,109,6,899,1282,2,50
SH,601611,2017-01-06 09:30:05,17.8800,238,7126987.0000,3988,B,17.8800,17.8700,17.8600,17.8500,17.8400,17.8900,17.9000,17.9100,17.9200,17.9300,43,156,130,44,22,470,1403,7,2,50
SH,601611,2017-01-06 09:30:08,17.8900,37,493672.0000,276,B,17.8700,17.8600,17.8500,17.8400,17.8300,17.8900,17.9000,17.9100,17.9200,17.9300,192,306,76,22,31,339,1484,7,2,50
SH,601611,2017-01-06 09:30:11,17.8900,21,141245.0000,79,B,17.8800,17.8700,17.8600,17.8500,17.8400,17.8900,17.9000,17.9100,17.9200,17.9300,1,153,311,106,32,318,1497,7,2,50
SH,601611,2017-01-06 09:30:14,17.8900,10,189565.0000,106,B,17.8800,17.8700,17.8600,17.8500,17.8400,17.8900,17.9000,17.9100,17.9200,17.9300,53,203,311,106,32,278,1497,7,2,50
SH,601611,2017-01-06 09:30:17,17.8900,9,119863.0000,67,B,17.8800,17.8700,17.8600,17.8500,17.8400,17.8900,17.9000,17.9100,17.9200,17.9300,53,209,306,106,32,240,1497,7,2,50
SH,601611,2017-01-06 09:30:20,17.8900,12,127005.0000,71,B,17.8800,17.8700,17.8600,17.8500,17.8400,17.8900,17.9000,17.9100,17.9200,17.9300,38,209,306,106,32,241,1497,7,2,50
SH,601611,2017-01-06 09:30:23,17.9000,22,520610.0000,291,B,17.8900,17.8800,17.8700,17.8600,17.8500,17.9000,17.9100,17.9200,17.9300,17.9400,278,120,259,306,106,1466,7,2,50,32
SH,601611,2017-01-06 09:30:26,17.8900,20,1018496.0000,569,S,17.8900,17.8800,17.8700,17.8600,17.8500,17.9000,17.9100,17.9200,17.9300,17.9400,284,120,259,306,101,907,7,2,50,32
SH,601611,2017-01-06 09:30:29,17.8900,8,105592.0000,59,S,17.8900,17.8800,17.8700,17.8600,17.8500,17.9000,17.9100,17.9200,17.9300,17.9400,285,182,259,306,111,797,7,2,50,32
SH,601611,2017-01-06 09:30:32,17.9000,23,1229729.0000,687,B,17.8900,17.8800,17.8700,17.8600,17.8500,17.9000,17.9100,17.9200,17.9300,17.9400,305,184,259,306,111,110,7,2,50,32
SH,601611,2017-01-06 09:30:35,17.9000,14,239330.0000,134,B,17.9000,17.8900,17.8800,17.8700,17.8600,17.9300,17.9400,17.9500,17.9700,17.9800,1074,400,190,259,306,50,32,83,211,34
SH,601611,2017-01-06 09:30:38,17.9100,8,220353.0000,123,B,17.9100,17.9000,17.8900,17.8800,17.8700,17.9400,17.9500,17.9700,17.9800,17.9900,54,1180,435,190,265,27,83,211,34,93
SH,601611,2017-01-06 09:30:41,17.9000,7,163027.0000,91,S,17.9000,17.8900,17.8800,17.8700,17.8600,17.9400,17.9500,17.9700,17.9800,17.9900,1496,458,199,265,306,23,83,211,34,93
SH,601611,2017-01-06 09:30:44,17.9400,4,21508.0000,12,B,17.9300,17.9200,17.9100,17.9000,17.8900,17.9400,17.9500,17.9700,17.9800,17.9900,8,20,22,1585,535,16,73,211,34,93
SH,601611,2017-01-06 09:30:47,17.9400,17,249051.0000,139,B,17.9300,17.9200,17.9100,17.9000,17.8900,17.9400,17.9500,17.9700,17.9800,17.9900,16,7,19,1598,438,15,73,211,34,93
SH,601611,2017-01-06 09:30:50,17.9500,9,123820.0000,69,B,17.9400,17.9300,17.9200,17.9100,17.9000,17.9500,17.9700,17.9800,17.9900,18.0000,4,18,8,139,1646,29,211,34,93,475
SH,601611,2017-01-06 09:30:53,17.9500,16,165058.0000,92,B,17.9300,17.9200,17.9100,17.9000,17.8900,17.9500,17.9700,17.9800,17.9900,18.0000,24,8,168,1618,468,2,211,34,93,466
SH,601611,2017-01-06 09:30:56,17.9500,13,57412.0000,32,B,17.9300,17.9200,17.9100,17.9000,17.8900,17.9600,17.9700,17.9800,17.9900,18.0000,99,8,161,1620,478,100,211,34,93,466
SH,601611,2017-01-06 09:30:59,17.9800,15,636079.0000,354,B,17.9800,17.9500,17.9400,17.9300,17.9200,17.9900,18.0000,18.0100,18.0200,18.0300,7,5,103,113,8,89,666,134,9,73
SH,601611,2017-01-06 09:31:02,17.9500,11,66456.0000,37,S,17.9500,17.9400,17.9300,17.9200,17.9100,17.9800,17.9900,18.0000,18.0100,18.0200,20,150,181,119,272,6,89,666,134,9
SH,601611,2017-01-06 09:31:05,17.9800,29,412636.0000,230,B,17.9700,17.9500,17.9400,17.9300,17.9200,17.9800,17.9900,18.0000,18.0100,18.0200,97,18,17,154,122,5,89,666,134,9
SH,601611,2017-01-06 09:31:08,17.9900,9,134900.0000,75,B,17.9700,17.9600,17.9500,17.9400,17.9300,17.9900,18.0000,18.0100,18.0200,18.0300,87,31,21,19,150,61,656,134,9,58
SH,601611,2017-01-06 09:31:11,17.9800,14,161868.0000,90,S,17.9700,17.9600,17.9500,17.9400,17.9300,17.9800,17.9900,18.0000,18.0100,18.0200,82,39,43,23,150,8,207,656,129,9
SH,601611,2017-01-06 09:31:14,17.9500,30,618460.0000,344,S,17.9500,17.9400,17.9300,17.9200,17.9100,17.9900,18.0000,18.0100,18.0200,18.0300,128,43,81,121,179,250,656,129,9,58
SH,601611,2017-01-06 09:31:17,17.9700,9,89868.0000,50,B,17.9600,17.9500,17.9400,17.9300,17.9200,17.9700,17.9800,17.9900,18.0000,18.0100,5,146,88,74,121,8,200,241,656,129
SH,601611,2017-01-06 09:31:20,18.0000,69,2277488.0000,1266,B,18.0000,17.9900,17.9500,17.9400,17.9300,18.0100,18.0200,18.0300,18.0400,18.0500,77,250,370,108,71,129,9,558,314,31
SH,601611,2017-01-06 09:31:23,17.9900,20,606340.0000,337,S,17.9900,17.9800,17.9600,17.9500,17.9400,18.0100,18.0200,18.0300,18.0400,18.0500,28,156,5,371,81,129,9,558,314,31
SH,601611,2017-01-06 09:31:26,17.9800,19,386668.0000,215,S,17.9800,17.9700,17.9600,17.9500,17.9400,18.0000,18.0100,18.0200,18.0300,18.0400,56,20,43,376,80,9,141,9,558,314
SH,601611,2017-01-06 09:31:29,18.0100,13,325942.0000,181,B,18.0100,18.0000,17.9900,17.9800,17.9700,18.0200,18.0300,18.0400,18.0500,18.0600,380,54,31,108,20,9,558,314,31,13
SH,601611,2017-01-06 09:31:32,18.0100,5,360212.0000,200,S,18.0100,18.0000,17.9900,17.9800,17.9700,18.0200,18.0300,18.0400,18.0500,18.0600,221,91,277,125,20,121,557,294,31,13
SH,601611,2017-01-06 09:31:35,18.0100,15,484514.0000,269,S,18.0100,18.0000,17.9900,17.9800,17.9700,18.0200,18.0300,18.0400,18.0500,18.0600,260,114,309,135,27,76,557,294,31,13
SH,601611,2017-01-06 09:31:38,18.0300,24,455864.0000,253,B,18.0200,18.0100,18.0000,17.9900,17.9800,18.0300,18.0400,18.0500,18.0600,18.0700,8,1033,115,309,141,489,294,31,13,22
SH,601611,2017-01-06 09:31:41,18.0200,23,518894.0000,288,S,18.0200,18.0100,18.0000,17.9900,17.9800,18.0300,18.0400,18.0500,18.0600,18.0700,20,1006,144,326,138,489,294,46,13,22
SH,601611,2017-01-06 09:31:44,18.0100,37,744222.0000,413,S,18.0100,18.0000,17.9900,17.9800,17.9700,18.0300,18.0400,18.0500,18.0600,18.0700,917,95,322,138,27,385,294,66,13,52
SH,601611,2017-01-06 09:31:47,18.0200,9,484932.0000,269,B,18.0200,18.0100,18.0000,17.9900,17.9800,18.0300,18.0400,18.0500,18.0600,18.0700,20,917,87,315,118,189,294,66,13,52
SH,601611,2017-01-06 09:31:50,18.0300,20,196468.0000,109,B,18.0100,18.0000,17.9900,17.9800,17.9700,18.0300,18.0400,18.0500,18.0600,18.0700,936,86,288,69,23,137,291,66,13,52
SH,601611,2017-01-06 09:31:53,18.0300,18,434340.0000,241,B,18.0200,18.0100,18.0000,17.9900,17.9800,18.0300,18.0400,18.0500,18.0600,18.0700,10,951,86,66,59,51,287,66,13,52
SH,601611,2017-01-06 09:31:56,18.0300,19,495932.0000,275,B,18.0300,18.0200,18.0100,18.0000,17.9900,18.0400,18.0500,18.0600,18.0700,18.0800,581,46,948,96,66,179,69,13,52,67
SH,601611,2017-01-06 09:31:59,18.0400,20,629378.0000,349,B,18.0300,18.0200,18.0100,18.0000,17.9900,18.0400,18.0500,18.0600,18.0700,18.0800,545,59,949,96,66,49,68,13,52,67
SH,601611,2017-01-06 09:32:02,18.0300,22,250714.0000,139,S,18.0300,18.0200,18.0100,18.0000,17.9900,18.0400,18.0500,18.0600,18.0700,18.0800,761,77,970,96,66,10,44,13,52,74
SH,601611,2017-01-06 09:32:05,18.0800,51,1340040.0000,743,B,18.0400,18.0300,18.0200,18.0100,18.0000,18.0800,18.0900,18.1000,18.1100,18.1200,130,282,125,910,85,64,28,377,6,38
SH,601611,2017-01-06 09:32:08,18.0400,7,153380.0000,85,S,18.0400,18.0300,18.0200,18.0100,18.0000,18.0700,18.0800,18.0900,18.1000,18.1100,132,308,91,917,98,5,64,28,377,6
SH,601611,2017-01-06 09:32:11,18.0500,14,166084.0000,92,B,18.0500,18.0400,18.0300,18.0200,18.0100,18.0800,18.0900,18.1000,18.1100,18.1200,11,139,648,109,917,64,29,327,6,38
SH,601611,2017-01-06 09:32:14,18.0500,11,137136.0000,76,S,18.0500,18.0400,18.0300,18.0200,18.0100,18.0700,18.0800,18.0900,18.1000,18.1100,7,143,705,121,907,2,179,60,327,6
SH,601611,2017-01-06 09:32:17,18.0800,13,204240.0000,113,B,18.0600,18.0500,18.0400,18.0300,18.0200,18.0800,18.0900,18.1000,18.1100,18.1200,3,7,196,724,121,133,58,321,6,38
SH,601611,2017-01-06 09:32:20,18.0900,24,314564.0000,174,B,18.0800,18.0600,18.0500,18.0400,18.0300,18.0900,18.1000,18.1100,18.1200,18.1300,50,20,64,435,729,164,331,6,38,10
SH,601611,2017-01-06 09:32:23,18.0600,24,493436.0000,273,S,18.0600,18.0500,18.0400,18.0300,18.0200,18.0700,18.0800,18.0900,18.1000,18.1100,16,82,554,723,221,1490,90,164,321,6
SH,601611,2017-01-06 09:32:26,18.0600,19,225860.0000,125,S,18.0500,18.0400,18.0300,18.0200,18.0100,18.0600,18.0700,18.0800,18.0900,18.1000,92,499,723,217,883,29,1414,105,169,829
SH,601611,2017-01-06 09:32:29,18.0500,36,567112.0000,314,S,18.0500,18.0400,18.0300,18.0200,18.0100,18.0600,18.0700,18.0800,18.0900,18.1000,8,464,717,217,896,275,1303,569,169,839
SH,601611,2017-01-06 09:32:32,18.0500,23,164312.0000,91,S,18.0400,18.0300,18.0200,18.0100,18.0000,18.0500,18.0600,18.0700,18.0800,18.0900,460,717,191,896,129,69,521,1311,607,169
SH,601611,2017-01-06 09:32:35,18.0500,41,512632.0000,284,B,18.0400,18.0300,18.0200,18.0100,18.0000,18.0500,18.0600,18.0700,18.0800,18.0900,450,731,191,896,96,4,952,1408,607,195
SH,601611,2017-01-06 09:32:38,18.0600,45,1012884.0000,561,B,18.0400,18.0300,18.0200,18.0100,18.0000,18.0600,18.0700,18.0800,18.0900,18.1000,409,731,185,896,83,693,1403,637,195,817
SH,601611,2017-01-06 09:32:41,18.0500,33,718272.0000,398,B,18.0400,18.0300,18.0200,18.0100,18.0000,18.0500,18.0600,18.0700,18.0800,18.0900,216,731,174,224,78,438,739,1403,834,205
SH,601611,2017-01-06 09:32:44,18.0400,59,1017604.0000,564,S,18.0300,18.0200,18.0100,18.0000,17.9900,18.0400,18.0500,18.0600,18.0700,18.0800,684,171,224,73,51,530,303,942,1403,834
SH,601611,2017-01-06 09:32:47,18.0400,35,979528.0000,543,B,18.0300,18.0200,18.0100,18.0000,17.9900,18.0400,18.0500,18.0600,18.0700,18.0800,605,171,224,65,51,98,435,945,254,838
SH,601611,2017-01-06 09:32:50,18.0400,42,833356.0000,462,B,18.0300,18.0200,18.0100,18.0000,17.9900,18.0400,18.0500,18.0600,18.0700,18.0800,432,171,224,78,51,66,432,982,256,843
SH,601611,2017-01-06 09:32:53,18.0300,39,1509020.0000,837,S,18.0200,18.0100,18.0000,17.9900,17.9800,18.0300,18.0400,18.0500,18.0600,18.0700,62,224,68,51,26,566,105,495,1031,256
SH,601611,2017-01-06 09:32:56,18.0300,27,919292.0000,510,B,18.0100,18.0000,17.9900,17.9800,17.9700,18.0300,18.0400,18.0500,18.0600,18.0700,138,121,42,26,23,804,259,437,993,246
SH,601611,2017-01-06 09:32:59,18.0100,36,493468.0000,274,S,18.0000,17.9900,17.9800,17.9700,17.9600,18.0100,18.0200,18.0300,18.0400,18.0500,72,42,26,23,28,105,30,766,254,407
SH,601611,2017-01-06 09:33:02,18.0000,27,413988.0000,230,S,17.9900,17.9800,17.9700,17.9600,17.9500,18.0000,18.0100,18.0200,18.0300,18.0400,32,26,23,28,223,201,175,60,762,273
SH,601611,2017-01-06 09:33:05,18.0000,14,233988.0000,130,B,17.9900,17.9800,17.9700,17.9600,17.9500,18.0000,18.0100,18.0200,18.0300,18.0400,17,26,23,28,223,177,344,67,762,381
SH,601611,2017-01-06 09:33:08,17.9500,48,1438148.0000,799,S,17.9500,17.9400,17.9300,17.9200,17.9100,17.9900,18.0000,18.0200,18.0300,18.0400,168,22,43,111,149,1,127,92,769,381
SH,601611,2017-01-06 09:33:11,17.9900,16,262316.0000,146,B,17.9800,17.9500,17.9400,17.9300,17.9200,17.9900,18.0000,18.0200,18.0300,18.0400,12,73,22,43,111,15,112,97,769,386
SH,601611,2017-01-06 09:33:14,17.9000,48,1239484.0000,691,S,17.9000,17.8900,17.8800,17.8700,17.8600,17.9700,17.9800,18.0000,18.0200,18.0300,1177,101,52,130,286,21,5,54,178,759
SH,601611,2017-01-06 09:33:17,17.9200,6,80768.0000,45,B,17.9000,17.8900,17.8800,17.8700,17.8600,17.9200,17.9700,17.9800,17.9900,18.0000,1177,101,52,130,286,45,5,84,15,77
SH,601611,2017-01-06 09:33:20,18.0000,35,471040.0000,262,B,18.0000,17.9900,17.9600,17.9500,17.9200,18.0200,18.0300,18.0400,18.0500,18.0600,25,8,72,10,90,220,264,270,286,568
SH,601611,2017-01-06 09:33:23,17.9900,13,147520.0000,82,S,17.9700,17.9600,17.9500,17.9200,17.9100,17.9800,17.9900,18.0000,18.0200,18.0300,254,61,17,92,15,32,79,10,126,218
SH,601611,2017-01-06 09:33:26,17.9700,11,143856.0000,80,S,17.9700,17.9600,17.9500,17.9200,17.9100,17.9900,18.0000,18.0200,18.0300,18.0400,307,61,17,92,118,70,65,136,218,281
SH,601611,2017-01-06 09:33:29,17.9700,20,469272.0000,261,S,17.9700,17.9600,17.9500,17.9200,17.9100,17.9900,18.0000,18.0200,18.0300,18.0400,170,61,17,97,118,4,115,136,178,281
SH,601611,2017-01-06 09:33:32,17.9800,9,233812.0000,130,B,17.9700,17.9600,17.9500,17.9200,17.9100,17.9800,18.0000,18.0100,18.0200,18.0300,156,61,17,99,133,105,118,65,138,178
SH,601611,2017-01-06 09:33:35,17.9700,26,758136.0000,422,S,17.9500,17.9300,17.9200,17.9100,17.9000,17.9600,17.9700,17.9800,17.9900,18.0000,33,33,102,146,1228,28,174,86,1,125
SH,601611,2017-01-06 09:33:38,17.9600,15,158068.0000,88,B,17.9500,17.9300,17.9200,17.9100,17.9000,17.9600,17.9700,17.9800,17.9900,18.0000,29,33,115,143,1263,16,169,86,6,81
SH,601611,2017-01-06 09:33:41,17.9900,25,573340.0000,319,B,17.9600,17.9500,17.9300,17.9200,17.9100,17.9900,18.0000,18.0100,18.0200,18.0300,4,34,33,122,195,57,81,33,142,64
SH,601611,2017-01-06 09:33:44,17.9800,7,163656.0000,91,S,17.9800,17.9700,17.9600,17.9500,17.9300,17.9900,18.0000,18.0100,18.0200,18.0300,27,30,15,37,33,43,104,83,146,64
SH,601611,2017-01-06 09:33:47,17.9500,18,434652.0000,242,S,17.9400,17.9300,17.9200,17.9100,17.9000,17.9500,17.9600,17.9700,17.9900,18.0000,50,43,37,204,1365,160,147,4,27,85
SH,601611,2017-01-06 09:33:50,17.9500,5,84364.0000,47,B,17.9400,17.9300,17.9200,17.9100,17.9000,17.9500,17.9600,17.9700,17.9800,17.9900,50,62,237,304,1357,123,147,204,115,27
SH,601611,2017-01-06 09:33:53,17.9300,11,471840.0000,263,S,17.9300,17.9200,17.9100,17.9000,17.8900,17.9400,17.9500,17.9600,17.9700,17.9800,62,237,308,1370,108,125,259,162,204,115
SH,601611,2017-01-06 09:33:56,17.9600,23,1007024.0000,561,B,17.9600,17.9500,17.9300,17.9200,17.9100,17.9700,17.9800,17.9900,18.0000,18.0100,146,3,77,237,336,224,115,27,116,83
SH,601611,2017-01-06 09:33:59,17.9600,10,325084.0000,181,S,17.9500,17.9300,17.9200,17.9100,17.9000,17.9600,17.9700,17.9800,17.9900,18.0000,41,77,572,346,1387,50,234,114,32,116
SH,601611,2017-01-06 09:34:02,17.9500,8,95172.0000,53,S,17.9500,17.9400,17.9300,17.9200,17.9100,17.9600,17.9700,17.9800,17.9900,18.0000,140,103,188,575,376,22,235,114,32,116
SH,601611,2017-01-06 09:34:05,17.9600,7,43088.0000,24,B,17.9500,17.9400,17.9300,17.9200,17.9100,17.9600,17.9700,17.9800,17.9900,18.0000,350,113,237,577,386,68,235,133,37,116
SH,601611,2017-01-06 09:34:08,17.9500,11,132856.0000,74,S,17.9500,17.9400,17.9300,17.9200,17.9100,17.9600,17.9700,17.9800,17.9900,18.0000,298,178,252,582,401,67,396,133,37,87
SH,601611,2017-01-06 09:34:11,17.9600,9,107728.0000,60,B,17.9500,17.9400,17.9300,17.9200,17.9100,17.9600,17.9700,17.9800,17.9900,18.0000,391,204,383,603,416,34,396,19,37,75
SH,601611,2017-01-06 09:34:14,17.9600,20,459572.0000,256,B,17.9600,17.9500,17.9400,17.9300,17.9200,17.9700,17.9800,17.9900,18.0000,18.0100,4,196,204,418,613,396,19,37,67,63
SH,601611,2017-01-06 09:34:17,17.9600,16,247900.0000,138,S,17.9600,17.9500,17.9400,17.9300,17.9200,17.9700,17.9800,17.9900,18.0000,18.0100,21,236,198,418,343,365,46,37,67,63
SH,601611,2017-01-06 09:34:20,17.9600,25,653904.0000,364,S,17.9600,17.9500,17.9400,17.9300,17.9200,17.9700,17.9800,17.9900,18.0000,18.0100,44,311,198,422,343,128,46,37,67,63
SH,601611,2017-01-06 09:34:23,17.9700,10,141932.0000,79,B,17.9600,17.9500,17.9400,17.9300,17.9200,17.9700,17.9800,17.9900,18.0000,18.0100,80,342,208,408,343,80,51,37,97,63
SH,601611,2017-01-06 09:34:26,17.9500,38,646512.0000,360,S,17.9500,17.9400,17.9300,17.9200,17.9100,17.9700,17.9800,17.9900,18.0000,18.0100,327,204,408,343,375,2,51,32,108,63
SH,601611,2017-01-06 09:34:29,17.9700,18,249800.0000,139,B,17.9700,17.9600,17.9500,17.9400,17.9300,17.9900,18.0000,18.0100,18.0200,18.0300,87,39,345,216,425,46,110,63,110,71
SH,601611,2017-01-06 09:34:32,17.9800,16,249840.0000,139,B,17.9800,17.9700,17.9600,17.9500,17.9400,17.9900,18.0000,18.0100,18.0200,18.0300,3,115,46,398,171,46,109,63,110,71
SH,601611,2017-01-06 09:34:35,17.9700,15,215656.0000,120,S,17.9700,17.9600,17.9500,17.9400,17.9300,17.9900,18.0000,18.0100,18.0200,18.0300,38,197,427,176,421,41,124,63,110,1978
SH,601611,2017-01-06 09:34:38,17.9900,19,156384.0000,87,B,17.9700,17.9600,17.9500,17.9400,17.9300,17.9900,18.0000,18.0100,18.0200,18.0300,145,207,439,196,421,18,129,63,110,1978
SH,601611,2017-01-06 09:34:41,17.9900,2,25188.0000,14,B,17.9700,17.9600,17.9500,17.9400,17.9300,17.9900,18.0000,18.0100,18.0200,18.0300,190,301,442,196,421,9,129,63,110,1978
SH,601611,2017-01-06 09:34:44,17.9700,12,140256.0000,78,S,17.9700,17.9600,17.9500,17.9400,17.9300,18.0000,18.0100,18.0200,18.0300,18.0400,202,331,474,196,421,164,63,110,1978,136
SH,601611,2017-01-06 09:34:47,18.0000,4,25200.0000,14,B,17.9900,17.9800,17.9700,17.9600,17.9500,18.0000,18.0100,18.0200,18.0300,18.0400,18,48,259,325,476,251,63,110,1978,136
SH,601611,2017-01-06 09:34:50,18.0000,16,163792.0000,91,B,17.9900,17.9800,17.9700,17.9600,17.9500,18.0000,18.0100,18.0200,18.0300,18.0400,141,50,531,347,476,191,63,112,1978,136
SH,601611,2017-01-06 09:34:53,18.0000,23,635256.0000,353,B,18.0000,17.9900,17.9800,17.9700,17.9600,18.0100,18.0200,18.0300,18.0400,18.0500,24,273,77,548,443,55,126,1978,136,281
SH,601611,2017-01-06 09:34:56,18.0000,1,36004.0000,20,S,18.0000,17.9900,17.9800,17.9700,17.9600,18.0100,18.0200,18.0300,18.0400,18.0500,476,299,162,577,456,90,130,1978,136,254
SH,601611,2017-01-06 09:34:59,18.0100,12,189060.0000,105,B,18.0000,17.9900,17.9800,17.9700,17.9600,18.0100,18.0200,18.0300,18.0400,18.0500,521,299,181,627,459,33,180,1978,136,244
SH,601611,2017-01-06 09:35:02,18.0100,12,655232.0000,364,B,18.0100,18.0000,17.9900,17.9800,17.9700,18.0200,18.0300,18.0400,18.0500,18.0600,125,203,319,181,612,184,1983,136,244,488
SH,601611,2017-01-06 09:35:05,18.0200,5,304416.0000,169,B,18.0100,18.0000,17.9900,17.9800,17.9700,18.0200,18.0300,18.0400,18.0500,18.0600,197,256,322,181,612,243,1983,136,242,488
SH,601611,2017-01-06 09:35:08,18.0100,8,97268.0000,54,S,18.0100,18.0000,17.9900,17.9800,17.9700,18.0200,18.0300,18.0400,18.0500,18.0600,477,271,295,160,609,249,76,136,242,488
SH,601611,2017-01-06 09:35:11,18.0200,19,180176.0000,100,B,18.0100,18.0000,17.9900,17.9800,17.9700,18.0200,18.0300,18.0400,18.0500,18.0600,617,301,295,162,607,180,76,136,242,482
SH,601611,2017-01-06 09:35:14,18.0200,20,571068.0000,317,B,18.0100,18.0000,17.9900,17.9800,17.9700,18.0200,18.0300,18.0400,18.0500,18.0600,480,303,295,162,607,34,69,136,242,282
SH,601611,2017-01-06 09:35:17,18.0400,43,609464.0000,338,B,18.0400,18.0300,18.0200,18.0100,18.0000,18.0500,18.0600,18.0700,18.0800,18.0900,244,1,122,542,300,242,282,152,380,180
SH,601611,2017-01-06 09:35:20,18.0400,13,386120.0000,214,S,18.0400,18.0300,18.0200,18.0100,18.0000,18.0500,18.0600,18.0700,18.0800,18.0900,94,68,223,554,269,242,282,152,380,180
SH,601611,2017-01-06 09:35:23,18.0400,2,27060.0000,15,S,18.0400,18.0300,18.0200,18.0100,18.0000,18.0500,18.0600,18.0700,18.0800,18.0900,123,91,312,554,271,233,282,152,380,180
SH,601611,2017-01-06 09:35:26,18.0500,14,456412.0000,253,B,18.0300,18.0200,18.0100,18.0000,17.9900,18.0500,18.0600,18.0700,18.0800,18.0900,46,333,680,285,255,164,283,162,380,177
SH,601611,2017-01-06 09:35:29,18.0500,34,651140.0000,361,B,18.0200,18.0100,18.0000,17.9900,17.9800,18.0500,18.0600,18.0700,18.0800,18.0900,323,690,256,255,134,58,274,162,380,177
SH,601611,2017-01-06 09:35:32,18.0500,27,641864.0000,356,B,18.0500,18.0200,18.0100,18.0000,17.9900,18.0600,18.0700,18.0800,18.0900,18.1000,8,65,639,245,255,300,162,380,177,408
SH,601611,2017-01-06 09:35:35,18.0400,26,341020.0000,189,B,18.0200,18.0100,18.0000,17.9900,17.9800,18.0400,18.0600,18.0700,18.0800,18.0900,105,679,252,255,134,10,296,162,380,178
SH,601611,2017-01-06 09:35:38,18.0300,15,209384.0000,116,S,18.0300,18.0200,18.0100,18.0000,17.9900,18.0400,18.0500,18.0600,18.0700,18.0800,110,105,679,264,255,28,870,275,162,380
SH,601611,2017-01-06 09:35:41,18.0400,13,183936.0000,102,B,18.0300,18.0200,18.0100,18.0000,17.9900,18.0400,18.0500,18.0600,18.0700,18.0800,70,105,679,264,269,63,1163,287,162,380
SH,601611,2017-01-06 09:35:44,18.0400,14,310284.0000,172,B,18.0300,18.0200,18.0100,18.0000,17.9900,18.0400,18.0500,18.0600,18.0700,18.0800,121,224,679,266,269,93,1163,287,162,400
SH,601611,2017-01-06 09:35:47,18.0500,22,470980.0000,261,B,18.0400,18.0300,18.0200,18.0100,18.0000,18.0500,18.0600,18.0700,18.0800,18.0900,59,228,277,679,292,1038,287,166,400,178
SH,601611,2017-01-06 09:35:50,18.0500,23,330172.0000,183,B,18.0400,18.0300,18.0200,18.0100,18.0000,18.0500,18.0600,18.0700,18.0800,18.0900,93,236,326,444,215,973,287,166,400,178
SH,601611,2017-01-06 09:35:53,18.0500,23,1337340.0000,741,B,18.0400,18.0300,18.0200,18.0100,18.0000,18.0500,18.0600,18.0700,18.0800,18.0900,98,247,328,444,215,435,287,166,411,178
SH,601611,2017-01-06 09:35:56,18.0400,16,380616.0000,211,S,18.0300,18.0200,18.0100,18.0000,17.9900,18.0400,18.0500,18.0600,18.0700,18.0800,322,289,444,220,256,387,445,260,166,411
SH,601611,2017-01-06 09:35:59,18.0400,32,898084.0000,498,B,18.0300,18.0200,18.0100,18.0000,17.9900,18.0400,18.0500,18.0600,18.0700,18.0800,19,383,434,213,256,370,450,260,166,411
SH,601611,2017-01-06 09:36:02,18.0300,85,2668560.0000,1481,S,18.0000,17.9900,17.9800,17.9700,17.9600,18.0300,18.0400,18.0500,18.0600,18.0700,34,256,124,213,492,558,442,450,262,166
SH,601611,2017-01-06 09:36:05,18.0300,20,425328.0000,236,B,18.0000,17.9900,17.9800,17.9700,17.9600,18.0300,18.0400,18.0500,18.0600,18.0700,30,249,124,213,492,406,533,480,262,166
SH,601611,2017-01-06 09:36:08,18.0300,8,308280.0000,171,B,18.0000,17.9900,17.9800,17.9700,17.9600,18.0300,18.0400,18.0500,18.0600,18.0700,52,249,124,213,492,456,633,497,262,166
SH,601611,2017-01-06 09:36:11,18.0200,10,142436.0000,79,S,18.0000,17.9900,17.9800,17.9700,17.9600,18.0200,18.0300,18.0400,18.0500,18.0600,52,248,124,213,492,2,428,671,507,250
SH,601611,2017-01-06 09:36:14,18.0200,16,250444.0000,139,B,18.0000,17.9900,17.9800,17.9700,17.9600,18.0200,18.0300,18.0400,18.0500,18.0600,112,248,124,213,492,27,395,645,515,250
SH,601611,2017-01-06 09:36:17,18.0000,31,729732.0000,405,S,18.0000,17.9900,17.9800,17.9700,17.9600,18.0200,18.0300,18.0400,18.0500,18.0600,156,248,124,213,472,7,221,472,414,250
SH,601611,2017-01-06 09:36:20,17.9600,92,2329816.0000,1296,S,17.9500,17.9400,17.9300,17.9200,17.9100,17.9600,18.0100,18.0200,18.0300,18.0400,483,164,167,123,401,713,40,10,385,472
SH,601611,2017-01-06 09:36:23,17.9600,15,808192.0000,450,B,17.9500,17.9400,17.9300,17.9200,17.9100,17.9600,18.0000,18.0100,18.0200,18.0300,483,164,172,123,401,809,75,13,510,392
SH,601611,2017-01-06 09:36:26,17.9600,10,145480.0000,81,B,17.9500,17.9400,17.9300,17.9200,17.9100,17.9600,18.0000,18.0100,18.0200,18.0300,483,154,172,123,401,929,136,18,522,411
SH,601611,2017-01-06 09:36:29,17.9600,4,23352.0000,13,B,17.9500,17.9400,17.9300,17.9200,17.9100,17.9600,18.0000,18.0100,18.0200,18.0300,483,154,162,123,391,916,153,18,527,485
SH,601611,2017-01-06 09:36:32,17.9600,6,325072.0000,181,B,17.9500,17.9400,17.9300,17.9200,17.9100,17.9600,18.0000,18.0100,18.0200,18.0300,490,154,162,123,391,754,123,18,537,485
SH,601611,2017-01-06 09:36:35,17.9600,23,484784.0000,270,B,17.9500,17.9400,17.9300,17.9200,17.9100,17.9600,18.0000,18.0100,18.0200,18.0300,371,154,162,123,411,135,127,18,557,483
SH,601611,2017-01-06 09:36:38,17.9600,8,170616.0000,95,B,17.9500,17.9400,17.9300,17.9200,17.9100,17.9600,18.0000,18.0100,18.0200,18.0300,429,154,162,123,411,43,135,18,557,483
SH,601611,2017-01-06 09:36:41,17.9600,15,145472.0000,81,B,17.9600,17.9500,17.9400,17.9300,17.9200,17.9900,18.0000,18.0100,18.0200,18.0300,25,450,154,160,123,143,173,68,57,474
SH,601611,2017-01-06 09:36:44,17.9900,6,82696.0000,46,B,17.9600,17.9500,17.9400,17.9300,17.9200,17.9900,18.0000,18.0100,18.0200,18.0300,100,469,154,160,128,118,174,276,57,474
SH,601611,2017-01-06 09:36:47,17.9600,5,41304.0000,23,S,17.9600,17.9500,17.9400,17.9300,17.9200,17.9900,18.0000,18.0100,18.0200,18.0300,301,474,154,160,128,118,164,276,57,474
SH,601611,2017-01-06 09:36:50,17.9600,47,1016408.0000,566,S,17.9600,17.9500,17.9400,17.9300,17.9200,17.9900,18.0000,18.0100,18.0200,18.0300,20,338,154,161,128,118,178,276,67,455
SH,601611,2017-01-06 09:36:53,17.9900,11,330952.0000,184,B,17.9700,17.9600,17.9500,17.9400,17.9300,17.9900,18.0000,18.0100,18.0200,18.0300,158,54,338,154,161,59,180,276,128,455
SH,601611,2017-01-06 09:36:56,17.9800,8,124104.0000,69,S,17.9800,17.9700,17.9600,17.9500,17.9400,17.9900,18.0000,18.0100,18.0200,18.0300,69,168,79,348,154,7,180,276,128,455
SH,601611,2017-01-06 09:36:59,17.9800,10,226520.0000,126,S,17.9700,17.9600,17.9500,17.9400,17.9300,17.9800,17.9900,18.0000,18.0100,18.0200,144,126,349,154,171,16,69,181,276,123
SH,601611,2017-01-06 09:37:02,17.9700,5,71896.0000,40,S,17.9700,17.9600,17.9500,17.9400,17.9300,17.9800,17.9900,18.0000,18.0100,18.0200,122,136,386,167,171,96,119,181,276,123
SH,601611,2017-01-06 09:37:05,17.9700,18,296480.0000,165,S,17.9600,17.9500,17.9400,17.9300,17.9200,17.9700,17.9800,17.9900,18.0000,18.0100,159,387,167,171,128,1140,114,219,181,276
SH,601611,2017-01-06 09:37:08,17.9700,9,156320.0000,87,B,17.9600,17.9500,17.9400,17.9300,17.9200,17.9700,17.9800,17.9900,18.0000,18.0100,246,357,170,171,128,1086,174,234,181,276
SH,601611,2017-01-06 09:37:11,17.9700,11,382760.0000,213,B,17.9600,17.9500,17.9400,17.9300,17.9200,17.9700,17.9800,17.9900,18.0000,18.0100,316,307,170,171,128,887,184,234,156,276
SH,601611,2017-01-06 09:37:14,17.9700,21,314440.0000,175,B,17.9600,17.9500,17.9400,17.9300,17.9200,17.9700,17.9800,17.9900,18.0000,18.0100,344,307,170,171,128,752,159,234,161,276
SH,601611,2017-01-06 09:37:17,17.9700,17,213736.0000,119,B,17.9600,17.9500,17.9400,17.9300,17.9200,17.9700,17.9800,17.9900,18.0000,18.0100,208,309,170,171,128,884,159,234,163,276
SH,601611,2017-01-06 09:37:20,17.9600,13,219128.0000,122,S,17.9600,17.9500,17.9400,17.9300,17.9200,17.9700,17.9800,17.9900,18.0000,18.0100,206,309,160,171,128,866,114,234,163,276
SH,601611,2017-01-06 09:37:23,17.9700,16,321512.0000,179,B,17.9600,17.9500,17.9400,17.9300,17.9200,17.9700,17.9800,17.9900,18.0000,18.0100,55,314,161,171,128,851,114,234,163,276
SH,601611,2017-01-06 09:37:26,17.9500,23,413160.0000,230,S,17.9500,17.9400,17.9300,17.9200,17.9100,17.9600,17.9700,17.9800,17.9900,18.0000,282,161,171,128,399,265,741,90,183,165
SH,601611,2017-01-06 09:37:29,17.9600,10,296288.0000,165,B,17.9500,17.9400,17.9300,17.9200,17.9100,17.9600,17.9700,17.9800,17.9900,18.0000,232,161,171,131,399,275,761,94,183,165
SH,601611,2017-01-06 09:37:32,17.9600,27,497288.0000,277,B,17.9500,17.9400,17.9300,17.9200,17.9100,17.9600,17.9700,17.9800,17.9900,18.0000,58,161,175,131,399,227,761,94,183,167
SH,601611,2017-01-06 09:37:35,17.9100,80,1198200.0000,668,S,17.9100,17.9000,17.8900,17.8800,17.8700,17.9600,17.9700,17.9800,17.9900,18.0000,388,1522,78,115,101,162,757,94,183,167
SH,601611,2017-01-06 09:37:38,17.9400,7,130904.0000,73,B,17.9100,17.9000,17.8900,17.8800,17.8700,17.9400,17.9500,17.9600,17.9700,17.9800,388,1527,78,115,101,314,495,165,757,113
SH,601611,2017-01-06 09:37:41,17.9400,3,46648.0000,26,B,17.9100,17.9000,17.8900,17.8800,17.8700,17.9400,17.9500,17.9600,17.9700,17.9800,388,1537,78,115,101,303,515,205,634,113
SH,601611,2017-01-06 09:37:44,17.9400,12,182912.0000,102,B,17.9200,17.9100,17.9000,17.8900,17.8800,17.9400,17.9500,17.9600,17.9700,17.9800,5,368,1530,78,115,226,544,244,524,53
SH,601611,2017-01-06 09:37:47,17.9400,4,39456.0000,22,B,17.9100,17.9000,17.8900,17.8800,17.8700,17.9400,17.9500,17.9600,17.9700,17.9800,373,1525,78,115,101,209,510,234,524,53
SH,601611,2017-01-06 09:37:50,17.9300,31,884896.0000,494,S,17.9200,17.9100,17.9000,17.8900,17.8800,17.9300,17.9400,17.9500,17.9600,17.9700,4,379,1527,78,118,120,195,510,234,504
SH,601611,2017-01-06 09:37:53,17.9300,9,152336.0000,85,B,17.9200,17.9100,17.9000,17.8900,17.8800,17.9300,17.9400,17.9500,17.9600,17.9700,249,597,1528,78,129,84,221,510,240,504
SH,601611,2017-01-06 09:37:56,17.9300,12,327968.0000,183,B,17.9200,17.9100,17.9000,17.8900,17.8800,17.9300,17.9400,17.9500,17.9600,17.9700,357,617,1513,78,129,56,239,512,210,504
SH,601611,2017-01-06 09:37:59,17.9200,5,120104.0000,67,S,17.9200,17.9100,17.9000,17.8900,17.8800,17.9300,17.9400,17.9500,17.9600,17.9700,351,653,1495,78,129,15,291,512,205,504
SH,601611,2017-01-06 09:38:02,17.9300,8,247296.0000,138,B,17.9200,17.9100,17.9000,17.8900,17.8800,17.9300,17.9400,17.9500,17.9600,17.9700,215,729,1501,78,129,15,291,480,195,504
SH,601611,2017-01-06 09:38:05,17.9200,10,263456.0000,147,S,17.9200,17.9100,17.9000,17.8900,17.8800,17.9400,17.9500,17.9600,17.9700,17.9800,148,847,1501,78,134,291,473,195,504,63
SH,601611,2017-01-06 09:38:08,17.9200,23,790432.0000,441,S,17.9100,17.9000,17.8900,17.8800,17.8700,17.9200,17.9400,17.9500,17.9600,17.9700,1037,1510,78,131,101,141,211,473,195,504
SH,601611,2017-01-06 09:38:11,17.9200,15,310008.0000,173,B,17.9100,17.9000,17.8900,17.8800,17.8700,17.9200,17.9400,17.9500,17.9600,17.9700,1046,1509,86,131,101,225,211,473,245,484
SH,601611,2017-01-06 09:38:14,17.9200,19,945760.0000,528,B,17.9100,17.9000,17.8900,17.8800,17.8700,17.9200,17.9400,17.9500,17.9600,17.9700,493,1514,86,131,101,137,211,473,245,484
SH,601611,2017-01-06 09:38:17,17.9200,15,297472.0000,166,B,17.9300,17.9200,17.9100,17.9000,17.8900,17.9400,17.9500,17.9600,17.9700,17.9800,201,13,507,1514,86,191,473,245,484,56
SH,601611,2017-01-06 09:38:20,17.9300,6,111168.0000,62,S,17.9300,17.9200,17.9100,17.9000,17.8900,17.9400,17.9500,17.9600,17.9700,17.9800,165,137,565,1515,86,181,465,245,480,56
SH,601611,2017-01-06 09:38:23,17.9300,3,102208.0000,57,S,17.9300,17.9200,17.9100,17.9000,17.8900,17.9400,17.9500,17.9600,17.9700,17.9800,116,407,584,1560,86,191,465,245,480,56
SH,601611,2017-01-06 09:38:26,17.9200,15,247408.0000,138,S,17.9200,17.9100,17.9000,17.8900,17.8800,17.9300,17.9400,17.9500,17.9600,17.9700,422,676,1677,86,151,157,191,465,245,480
SH,601611,2017-01-06 09:38:29,17.9300,3,218752.0000,122,B,17.9200,17.9100,17.9000,17.8900,17.8800,17.9300,17.9400,17.9500,17.9600,17.9700,441,699,1679,86,151,156,191,465,226,480
SH,601611,2017-01-06 09:38:32,17.9300,13,191792.0000,107,B,17.9200,17.9100,17.9000,17.8900,17.8800,17.9300,17.9400,17.9500,17.9600,17.9700,420,739,1679,86,151,113,191,464,226,480
SH,601611,2017-01-06 09:38:35,17.9300,11,220528.0000,123,B,17.9200,17.9100,17.9000,17.8900,17.8800,17.9300,17.9400,17.9500,17.9600,17.9700,414,729,1713,86,151,31,191,464,226,480
SH,601611,2017-01-06 09:38:38,17.9300,22,452040.0000,252,B,17.9300,17.9200,17.9100,17.9000,17.8900,17.9500,17.9600,17.9700,17.9800,17.9900,191,424,762,1742,86,464,226,480,56,168
SH,601611,2017-01-06 09:38:41,17.9300,4,60968.0000,34,S,17.9300,17.9200,17.9100,17.9000,17.8900,17.9500,17.9600,17.9700,17.9800,17.9900,265,581,765,1744,86,464,226,480,67,168
SH,601611,2017-01-06 09:38:44,17.9500,1,8968.0000,5,B,17.9300,17.9200,17.9100,17.9000,17.8900,17.9500,17.9600,17.9700,17.9800,17.9900,326,607,765,1782,86,459,226,480,67,168
SH,601611,2017-01-06 09:38:47,17.9500,9,556208.0000,310,B,17.9400,17.9300,17.9200,17.9100,17.9000,17.9500,17.9600,17.9700,17.9800,17.9900,43,293,696,765,1792,284,226,480,67,168
SH,601611,2017-01-06 09:38:50,17.9400,4,16152.0000,9,S,17.9400,17.9300,17.9200,17.9100,17.9000,17.9500,17.9600,17.9700,17.9800,17.9900,61,314,718,779,1811,280,226,480,67,168
SH,601611,2017-01-06 09:38:53,17.9300,25,595376.0000,332,S,17.9300,17.9200,17.9100,17.9000,17.8900,17.9400,17.9500,17.9600,17.9700,17.9800,97,965,836,1814,86,33,239,226,480,56
SH,601611,2017-01-06 09:38:56,17.9500,11,229704.0000,128,B,17.9400,17.9300,17.9200,17.9100,17.9000,17.9500,17.9600,17.9700,17.9800,17.9900,65,92,915,836,1814,159,236,480,56,198
SH,601611,2017-01-06 09:38:59,17.9500,15,249496.0000,139,B,17.9400,17.9300,17.9200,17.9100,17.9000,17.9500,17.9600,17.9700,17.9800,17.9900,75,94,940,838,1814,158,236,480,56,198
SH,601611,2017-01-06 09:39:02,17.9400,7,75376.0000,42,S,17.9400,17.9300,17.9200,17.9100,17.9000,17.9500,17.9600,17.9700,17.9800,17.9900,61,109,944,837,1832,199,236,480,56,198
SH,601611,2017-01-06 09:39:05,17.9500,20,267344.0000,149,B,17.9400,17.9300,17.9200,17.9100,17.9000,17.9500,17.9600,17.9700,17.9800,17.9900,88,113,939,732,1830,152,236,480,56,198
SH,601611,2017-01-06 09:39:08,17.9500,9,348232.0000,194,B,17.9500,17.9400,17.9300,17.9200,17.9100,17.9600,17.9700,17.9800,17.9900,18.0000,37,110,213,944,732,236,480,56,198,222
SH,601611,2017-01-06 09:39:11,17.9500,8,68216.0000,38,S,17.9500,17.9400,17.9300,17.9200,17.9100,17.9600,17.9700,17.9800,17.9900,18.0000,282,322,587,942,726,236,480,58,198,222
SH,601611,2017-01-06 09:39:14,17.9700,20,592728.0000,330,B,17.9500,17.9400,17.9300,17.9200,17.9100,17.9700,17.9800,17.9900,18.0000,18.0100,294,345,587,942,656,406,58,198,343,15
SH,601611,2017-01-06 09:39:17,17.9700,11,808392.0000,450,B,17.9700,17.9600,17.9500,17.9400,17.9300,17.9800,17.9900,18.0000,18.0100,18.0200,1144,14,344,350,589,50,198,343,15,124
SH,601611,2017-01-06 09:39:20,17.9700,3,55704.0000,31,S,17.9700,17.9600,17.9500,17.9400,17.9300,17.9800,17.9900,18.0000,18.0100,18.0200,1186,37,372,347,597,50,198,343,15,63
SH,601611,2017-01-06 09:39:23,17.9900,14,305552.0000,170,B,17.9800,17.9700,17.9600,17.9500,17.9400,17.9900,18.0000,18.0100,18.0200,18.0300,9,1069,108,476,347,195,343,15,63,456
SH,601611,2017-01-06 09:39:26,17.9800,5,44960.0000,25,S,17.9800,17.9700,17.9600,17.9500,17.9400,17.9900,18.0000,18.0100,18.0200,18.0300,56,1069,115,336,342,180,343,15,63,446
SH,601611,2017-01-06 09:39:29,17.9800,35,710704.0000,395,S,17.9800,17.9700,17.9600,17.9500,17.9400,18.0000,18.0100,18.0200,18.0300,18.0400,44,1009,98,392,342,190,15,63,446,2139
SH,601611,2017-01-06 09:39:32,17.9800,6,64744.0000,36,S,17.9800,17.9700,17.9600,17.9500,17.9400,18.0000,18.0100,18.0200,18.0300,18.0400,94,1009,106,389,311,59,15,63,411,2139
SH,601611,2017-01-06 09:39:35,18.0000,3,14400.0000,8,B,17.9800,17.9700,17.9600,17.9500,17.9400,18.0000,18.0100,18.0200,18.0300,18.0400,490,1024,106,387,286,53,15,63,411,2139
SH,601611,2017-01-06 09:39:38,18.0000,13,134992.0000,75,B,17.9900,17.9800,17.9700,17.9600,17.9500,18.0000,18.0100,18.0200,18.0300,18.0400,15,751,1131,106,598,8,15,63,411,2139
SH,601611,2017-01-06 09:39:41,18.0000,7,57600.0000,32,B,18.0000,17.9900,17.9800,17.9700,17.9600,18.0100,18.0200,18.0300,18.0400,18.0500,30,28,791,1131,67,15,63,390,2139,453
SH,601611,2017-01-06 09:39:44,18.0000,6,68432.0000,38,S,18.0000,17.9900,17.9800,17.9700,17.9600,18.0200,18.0300,18.0400,18.0500,18.0600,152,79,828,1131,41,63,390,249,453,266
SH,601611,2017-01-06 09:39:47,18.0100,2,95448.0000,53,B,18.0100,18.0000,17.9900,17.9800,17.9700,18.0200,18.0300,18.0400,18.0500,18.0600,221,286,90,955,1131,63,390,249,483,266
SH,601611,2017-01-06 09:39:50,18.0200,12,165784.0000,92,B,18.0200,18.0100,18.0000,17.9900,17.9800,18.0300,18.0400,18.0500,18.0600,18.0700,17,220,403,100,959,400,249,403,266,69
SH,601611,2017-01-06 09:39:53,18.0100,4,32432.0000,18,S,18.0100,18.0000,17.9900,17.9800,17.9700,18.0200,18.0300,18.0400,18.0500,18.0600,222,529,116,959,1106,115,400,249,403,266
SH,601611,2017-01-06 09:39:56,18.0000,13,542136.0000,301,S,18.0000,17.9900,17.9800,17.9700,17.9600,18.0100,18.0200,18.0300,18.0400,18.0500,534,130,959,1106,41,307,83,400,249,403
SH,601611,2017-01-06 09:39:59,18.0100,9,151272.0000,84,B,18.0000,17.9900,17.9800,17.9700,17.9600,18.0100,18.0200,18.0300,18.0400,18.0500,505,465,591,1106,41,231,113,400,237,403
SH,601611,2017-01-06 09:40:02,18.0000,15,381776.0000,212,S,18.0000,17.9900,17.9800,17.9700,17.9600,18.0100,18.0200,18.0300,18.0400,18.0500,335,504,581,999,41,58,123,415,237,403
SH,601611,2017-01-06 09:40:05,18.0100,13,95440.0000,53,B,18.0000,17.9900,17.9800,17.9700,17.9600,18.0100,18.0200,18.0300,18.0400,18.0500,309,504,581,999,41,19,131,410,237,403
SH,601611,2017-01-06 09:40:08,18.0000,44,1184248.0000,657,S,18.0100,18.0000,17.9900,17.9800,17.9700,18.0300,18.0400,18.0500,18.0600,18.0700,5,279,504,641,999,23,235,414,266,65
SH,601611,2017-01-06 09:40:11,18.0100,29,592464.0000,329,S,18.0000,17.9900,17.9800,17.9700,17.9600,18.0100,18.0200,18.0400,18.0500,18.0600,176,504,917,999,30,26,103,227,414,266
SH,601611,2017-01-06 09:40:14,18.0100,11,189120.0000,105,B,18.0100,18.0000,17.9900,17.9800,17.9700,18.0200,18.0400,18.0500,18.0600,18.0700,16,180,504,915,999,165,227,418,266,65
SH,601611,2017-01-06 09:40:17,18.0100,28,630208.0000,350,S,18.0100,18.0000,17.9900,17.9800,17.9700,18.0200,18.0300,18.0400,18.0500,18.0600,84,33,482,915,999,183,11,227,418,266
SH,601611,2017-01-06 09:40:20,18.0200,4,37832.0000,21,B,18.0100,18.0000,17.9900,17.9800,17.9700,18.0200,18.0300,18.0400,18.0500,18.0600,144,33,482,915,999,193,151,227,413,266
SH,601611,2017-01-06 09:40:23,18.0300,31,574752.0000,319,B,18.0200,18.0100,18.0000,17.9900,17.9800,18.0300,18.0400,18.0500,18.0600,18.0700,4,40,65,482,900,151,227,415,266,65
SH,601611,2017-01-06 09:40:26,18.0200,20,685040.0000,380,S,18.0100,18.0000,17.9900,17.9800,17.9700,18.0200,18.0300,18.0400,18.0500,18.0600,41,116,482,900,986,3,5,284,415,266
SH,601611,2017-01-06 09:40:29,18.0200,9,108104.0000,60,B,18.0200,18.0100,18.0000,17.9900,17.9800,18.0300,18.0400,18.0500,18.0600,18.0700,46,36,116,482,900,5,284,415,266,65
SH,601611,2017-01-06 09:40:32,18.0200,9,109936.0000,61,S,18.0200,18.0100,18.0000,17.9900,17.9800,18.0300,18.0400,18.0500,18.0600,18.0700,11,36,118,482,711,164,284,415,266,65
SH,601611,2017-01-06 09:40:35,18.0300,12,142352.0000,79,B,18.0200,18.0100,18.0000,17.9900,17.9800,18.0300,18.0400,18.0500,18.0600,18.0700,94,150,150,482,711,189,284,442,275,75
SH,601611,2017-01-06 09:40:38,18.0200,5,61280.0000,34,S,18.0200,18.0100,18.0000,17.9900,17.9800,18.0300,18.0400,18.0500,18.0600,18.0700,74,160,150,476,711,199,284,447,275,75
SH,601611,2017-01-06 09:40:41,18.0300,6,185680.0000,103,B,18.0200,18.0100,18.0000,17.9900,17.9800,18.0300,18.0400,18.0500,18.0600,18.0700,107,161,203,506,911,138,371,447,275,75
SH,601611,2017-01-06 09:40:44,18.0300,15,153240.0000,85,B,18.0200,18.0100,18.0000,17.9900,17.9800,18.0300,18.0400,18.0500,18.0600,18.0700,53,183,203,506,911,105,371,447,275,85
SH,601611,2017-01-06 09:40:47,18.0300,23,328128.0000,182,B,18.0300,18.0200,18.0100,18.0000,17.9900,18.0400,18.0500,18.0600,18.0700,18.0800,161,45,362,205,506,371,428,278,85,429
SH,601611,2017-01-06 09:40:50,18.0300,25,558968.0000,310,S,18.0300,18.0200,18.0100,18.0000,17.9900,18.0400,18.0500,18.0600,18.0700,18.0800,54,46,362,228,506,339,436,2281,85,429
SH,601611,2017-01-06 09:40:53,18.0400,9,46880.0000,26,B,18.0300,18.0200,18.0100,18.0000,17.9900,18.0400,18.0500,18.0600,18.0700,18.0800,93,57,365,231,506,330,446,2281,85,429
SH,601611,2017-01-06 09:40:56,18.0400,29,391424.0000,217,B,18.0300,18.0200,18.0100,18.0000,17.9900,18.0400,18.0500,18.0600,18.0700,18.0800,302,134,365,241,506,160,446,2281,85,429
SH,601611,2017-01-06 09:40:59,18.0300,18,236216.0000,131,S,18.0300,18.0200,18.0100,18.0000,17.9900,18.0400,18.0500,18.0600,18.0700,18.0800,188,141,364,252,506,144,449,2281,85,429
SH,601611,2017-01-06 09:41:02,18.0400,14,330112.0000,183,B,18.0400,18.0300,18.0200,18.0100,18.0000,18.0500,18.0600,18.0700,18.0800,18.0900,46,371,151,364,352,481,2301,85,443,302
SH,601611,2017-01-06 09:41:05,18.0300,9,185752.0000,103,S,18.0400,18.0300,18.0200,18.0100,18.0000,18.0500,18.0600,18.0700,18.0800,18.0900,2,327,151,364,362,506,2301,85,443,302
SH,601611,2017-01-06 09:41:08,18.0400,58,1164080.0000,645,S,18.0300,18.0200,18.0100,18.0000,17.9900,18.0400,18.0600,18.0700,18.0800,18.0900,277,204,364,362,506,1,2301,85,443,300
SH,601611,2017-01-06 09:41:11,18.0500,10,200256.0000,111,B,18.0400,18.0300,18.0200,18.0100,18.0000,18.0500,18.0600,18.0700,18.0800,18.0900,441,335,209,364,362,7,298,85,443,300
SH,601611,2017-01-06 09:41:14,18.0500,9,135328.0000,75,B,18.0500,18.0400,18.0300,18.0200,18.0100,18.0600,18.0700,18.0800,18.0900,18.1000,95,581,347,209,364,295,85,443,300,443
SH,601611,2017-01-06 09:41:17,18.0600,28,993192.0000,550,B,18.0600,18.0500,18.0400,18.0300,18.0200,18.0700,18.0800,18.0900,18.1000,18.1100,24,3,621,345,209,75,443,300,443,40
SH,601611,2017-01-06 09:41:20,18.0700,8,92136.0000,51,B,18.0600,18.0500,18.0400,18.0300,18.0200,18.0700,18.0800,18.0900,18.1000,18.1100,205,3,600,341,207,41,443,300,441,40
SH,601611,2017-01-06 09:41:23,18.0800,38,703248.0000,389,B,18.0700,18.0600,18.0500,18.0400,18.0300,18.0800,18.0900,18.1000,18.1100,18.1200,6,320,26,606,340,126,300,441,40,102
SH,601611,2017-01-06 09:41:26,18.0800,30,767600.0000,425,B,18.0500,18.0400,18.0300,18.0200,18.0100,18.0800,18.0900,18.1000,18.1100,18.1200,38,234,340,211,364,116,300,441,40,102
SH,601611,2017-01-06 09:41:29,18.0700,21,247440.0000,137,S,18.0500,18.0400,18.0300,18.0200,18.0100,18.0700,18.0800,18.0900,18.1000,18.1100,130,234,345,211,364,90,65,300,421,40
SH,601611,2017-01-06 09:41:32,18.0800,20,303648.0000,168,B,18.0700,18.0600,18.0500,18.0400,18.0300,18.0900,18.1000,18.1100,18.1200,18.1300,111,31,158,224,445,310,421,40,102,112
SH,601611,2017-01-06 09:41:35,18.0900,24,318224.0000,176,B,18.0800,18.0700,18.0600,18.0500,18.0400,18.0900,18.1000,18.1100,18.1200,18.1300,3,114,56,158,199,234,422,40,102,112
SH,601611,2017-01-06 09:41:38,18.0800,21,274760.0000,152,S,18.0800,18.0700,18.0600,18.0500,18.0400,18.0900,18.1000,18.1100,18.1200,18.1300,30,87,352,168,199,245,422,40,102,112
SH,601611,2017-01-06 09:41:41,18.0900,42,540928.0000,299,B,18.0900,18.0800,18.0700,18.0600,18.0500,18.1000,18.1100,18.1200,18.1300,18.1400,5,140,123,362,168,357,40,112,112,66
SH,601611,2017-01-06 09:41:44,18.1000,7,34384.0000,19,B,18.0900,18.0800,18.0700,18.0600,18.0500,18.1000,18.1100,18.1200,18.1300,18.1400,5,202,134,379,173,362,40,112,112,66
SH,601611,2017-01-06 09:41:47,18.1000,48,961104.0000,531,B,18.1000,18.0900,18.0800,18.0700,18.0600,18.1100,18.1200,18.1300,18.1400,18.1500,611,132,286,134,373,15,127,112,66,138
SH,601611,2017-01-06 09:41:50,18.1100,25,441920.0000,244,B,18.1100,18.1000,18.0900,18.0800,18.0700,18.1200,18.1300,18.1400,18.1500,18.1600,9,627,203,296,136,16,112,76,136,47
SH,601611,2017-01-06 09:41:53,18.1200,12,146792.0000,81,B,18.1200,18.1100,18.1000,18.0900,18.0800,18.1300,18.1400,18.1500,18.1600,18.1700,14,68,858,319,362,74,76,136,47,94
SH,601611,2017-01-06 09:41:56,18.1500,34,541960.0000,299,B,18.1300,18.1100,18.1000,18.0900,18.0800,18.1500,18.1600,18.1700,18.1800,18.1900,8,92,1080,344,368,110,47,94,602,188
SH,601611,2017-01-06 09:41:59,18.1400,70,1098432.0000,605,S,18.1400,18.1300,18.1200,18.1100,18.1000,18.1800,18.1900,18.2000,18.2100,18.2200,57,58,30,100,1119,427,188,500,33,25
SH,601611,2017-01-06 09:42:02,18.1300,14,241400.0000,133,S,18.1300,18.1200,18.1100,18.1000,18.0900,18.1500,18.1800,18.1900,18.2000,18.2100,124,96,171,1138,276,15,430,188,500,33
SH,601611,2017-01-06 09:42:05,18.1400,10,175960.0000,97,B,18.1300,18.1200,18.1100,18.1000,18.0900,18.1400,18.1800,18.1900,18.2000,18.2100,164,268,227,1194,276,37,430,188,500,33
SH,601611,2017-01-06 09:42:08,18.1800,21,297888.0000,164,B,18.1500,18.1400,18.1300,18.1200,18.1100,18.1800,18.1900,18.2000,18.2100,18.2200,62,100,223,277,234,361,188,506,33,25
SH,601611,2017-01-06 09:42:11,18.1500,47,1341240.0000,738,S,18.1500,18.1400,18.1300,18.1200,18.1100,18.1900,18.2000,18.2100,18.2200,18.2300,44,102,191,298,270,148,505,33,25,49
SH,601611,2017-01-06 09:42:14,18.1800,27,468912.0000,258,S,18.1800,18.1600,18.1500,18.1400,18.1300,18.1900,18.2000,18.2100,18.2200,18.2300,11,10,70,155,131,278,505,33,25,49
SH,601611,2017-01-06 09:42:17,18.1600,40,590776.0000,325,S,18.1500,18.1400,18.1300,18.1200,18.1100,18.1600,18.1800,18.1900,18.2000,18.2100,537,230,131,179,280,37,87,152,550,43
SH,601611,2017-01-06 09:42:20,18.1800,39,517944.0000,285,B,18.1600,18.1500,18.1400,18.1300,18.1200,18.1800,18.1900,18.2000,18.2100,18.2200,8,563,302,109,165,29,173,545,43,25
SH,601611,2017-01-06 09:42:23,18.1900,81,1409688.0000,775,B,18.1800,18.1600,18.1500,18.1400,18.1300,18.1900,18.2000,18.2100,18.2200,18.2300,18,10,568,309,109,2,181,43,30,49
SH,601611,2017-01-06 09:42:26,18.1900,48,595024.0000,327,B,18.1800,18.1700,18.1600,18.1500,18.1400,18.1900,18.2000,18.2100,18.2200,18.2300,8,228,48,617,300,20,102,43,30,49
SH,601611,2017-01-06 09:42:29,18.1800,32,468944.0000,258,S,18.1700,18.1600,18.1500,18.1400,18.1300,18.1800,18.1900,18.2000,18.2100,18.2200,104,137,621,250,109,214,11,159,43,30
SH,601611,2017-01-06 09:42:32,18.1900,49,759984.0000,418,B,18.1900,18.1800,18.1700,18.1600,18.1500,18.2000,18.2100,18.2200,18.2300,18.2400,44,1,98,218,636,126,43,30,56,276
SH,601611,2017-01-06 09:42:35,18.1900,38,760264.0000,418,S,18.1800,18.1700,18.1600,18.1500,18.1400,18.1900,18.2000,18.2100,18.2200,18.2300,30,249,235,619,288,56,115,45,30,56
SH,601611,2017-01-06 09:42:38,18.1800,39,505576.0000,278,S,18.1800,18.1700,18.1600,18.1500,18.1400,18.1900,18.2000,18.2100,18.2200,18.2300,32,338,205,609,289,133,129,45,30,56
SH,601611,2017-01-06 09:42:41,18.2000,50,751304.0000,413,B,18.1800,18.1700,18.1600,18.1500,18.1400,18.2000,18.2100,18.2200,18.2300,18.2400,141,369,222,603,286,260,45,35,56,370
SH,601611,2017-01-06 09:42:44,18.1900,50,843624.0000,464,S,18.1800,18.1700,18.1600,18.1500,18.1400,18.2000,18.2100,18.2200,18.2300,18.2400,6,355,207,608,286,229,51,145,119,370
SH,601611,2017-01-06 09:42:47,18.2000,38,647736.0000,356,B,18.2000,18.1900,18.1800,18.1700,18.1600,18.2100,18.2200,18.2300,18.2400,18.2500,34,68,21,341,247,51,145,244,370,304
SH,601611,2017-01-06 09:42:50,18.2000,67,1562232.0000,859,S,18.2000,18.1700,18.1600,18.1500,18.1400,18.2100,18.2200,18.2300,18.2400,18.2500,24,140,247,599,274,72,149,323,382,304
SH,601611,2017-01-06 09:42:53,18.1900,36,600448.0000,330,S,18.1800,18.1700,18.1600,18.1500,18.1400,18.1900,18.2000,18.2100,18.2200,18.2300,15,141,247,596,154,28,91,337,150,325
SH,601611,2017-01-06 09:42:56,18.1900,36,795544.0000,437,B,18.1900,18.1800,18.1700,18.1600,18.1500,18.2000,18.2100,18.2200,18.2300,18.2400,48,74,146,247,596,20,103,396,332,384
SH,601611,2017-01-06 09:42:59,18.2100,30,456768.0000,251,B,18.1900,18.1800,18.1700,18.1600,18.1500,18.2100,18.2200,18.2300,18.2400,18.2500,241,84,153,247,596,167,367,466,394,342
SH,601611,2017-01-06 09:43:02,18.2100,43,780928.0000,429,B,18.2100,18.1900,18.1800,18.1700,18.1600,18.2200,18.2300,18.2400,18.2500,18.2600,24,225,96,161,247,372,466,320,342,102
SH,601611,2017-01-06 09:43:05,18.2100,36,590000.0000,324,S,18.2100,18.2000,18.1900,18.1800,18.1700,18.2200,18.2300,18.2400,18.2500,18.2600,57,200,252,96,161,466,346,330,404,113
SH,601611,2017-01-06 09:43:08,18.2000,142,3552904.0000,1954,S,18.1800,18.1600,18.1500,18.1400,18.1300,18.1900,18.2000,18.2100,18.2200,18.2300,84,10,380,110,42,5,216,72,467,366
SH,601611,2017-01-06 09:43:11,18.1900,33,503976.0000,277,B,18.1900,18.1800,18.1600,18.1500,18.1400,18.2000,18.2100,18.2200,18.2300,18.2400,18,155,10,380,110,243,215,479,385,356
SH,601611,2017-01-06 09:43:14,18.1900,36,781984.0000,430,S,18.1800,18.1700,18.1600,18.1500,18.1400,18.1900,18.2000,18.2100,18.2200,18.2300,54,5,487,382,110,28,226,295,555,335
SH,601611,2017-01-06 09:43:17,18.1900,41,660480.0000,363,B,18.1800,18.1700,18.1600,18.1500,18.1400,18.1900,18.2000,18.2100,18.2200,18.2300,58,5,491,384,110,143,72,355,611,342
SH,601611,2017-01-06 09:43:20,18.1800,54,832744.0000,458,S,18.1600,18.1500,18.1400,18.1300,18.1200,18.1800,18.1900,18.2000,18.2100,18.2200,450,384,110,42,41,28,32,114,367,632
SH,601611,2017-01-06 09:43:23,18.1600,41,590824.0000,325,S,18.1600,18.1500,18.1400,18.1300,18.1200,18.1800,18.1900,18.2000,18.2100,18.2200,417,384,177,42,40,26,163,233,447,537
SH,601611,2017-01-06 09:43:26,18.1800,24,980816.0000,540,B,18.1500,18.1400,18.1300,18.1200,18.1100,18.1800,18.1900,18.2000,18.2100,18.2200,379,177,42,40,333,121,340,269,466,603
SH,601611,2017-01-06 09:43:29,18.1600,15,150808.0000,83,S,18.1500,18.1400,18.1300,18.1200,18.1100,18.1600,18.1700,18.1800,18.1900,18.2000,369,177,42,40,333,18,26,409,461,286
SH,601611,2017-01-06 09:43:32,18.1600,20,619168.0000,341,B,18.1500,18.1400,18.1300,18.1200,18.1100,18.1600,18.1700,18.1800,18.1900,18.2000,288,177,42,45,333,90,91,583,602,480
SH,601611,2017-01-06 09:43:35,18.1600,18,259648.0000,143,B,18.1500,18.1400,18.1300,18.1200,18.1100,18.1600,18.1700,18.1800,18.1900,18.2000,275,177,41,45,334,435,108,602,628,499
SH,601611,2017-01-06 09:43:38,18.1500,46,996528.0000,549,S,18.1400,18.1300,18.1200,18.1100,18.1000,18.1500,18.1600,18.1700,18.1800,18.1900,155,41,45,334,405,45,440,107,611,629
SH,601611,2017-01-06 09:43:41,18.1300,34,540672.0000,298,S,18.1300,18.1200,18.1100,18.1000,18.0900,18.1400,18.1500,18.1600,18.1700,18.1800,21,45,334,425,131,188,290,494,111,608
SH,601611,2017-01-06 09:43:44,18.1400,8,117896.0000,65,B,18.1300,18.1200,18.1100,18.1000,18.0900,18.1400,18.1500,18.1600,18.1700,18.1800,18,45,334,425,131,159,587,472,61,614
SH,601611,2017-01-06 09:43:47,18.1500,24,569680.0000,314,B,18.1200,18.1100,18.1000,18.0900,18.0800,18.1500,18.1600,18.1700,18.1800,18.1900,58,344,425,131,205,637,518,68,407,643
SH,601611,2017-01-06 09:43:50,18.1300,5,99752.0000,55,S,18.1200,18.1100,18.1000,18.0900,18.0800,18.1400,18.1500,18.1600,18.1700,18.1800,63,344,425,131,205,86,744,524,63,394
SH,601611,2017-01-06 09:43:53,18.1200,21,308192.0000,170,S,18.1200,18.1100,18.1000,18.0900,18.0800,18.1400,18.1500,18.1600,18.1700,18.1800,67,354,425,131,203,57,724,529,63,361
SH,601611,2017-01-06 09:43:56,18.1500,28,812760.0000,448,B,18.1400,18.1200,18.1100,18.1000,18.0900,18.1500,18.1600,18.1700,18.1800,18.1900,19,19,354,435,128,457,524,63,361,370
SH,601611,2017-01-06 09:43:59,18.1500,22,203080.0000,112,B,18.1400,18.1300,18.1200,18.1100,18.1000,18.1500,18.1600,18.1700,18.1800,18.1900,342,5,25,354,436,442,524,61,361,337
SH,601611,2017-01-06 09:44:02,18.1400,14,801856.0000,442,S,18.1400,18.1300,18.1200,18.1100,18.1000,18.1500,18.1600,18.1700,18.1800,18.1900,79,38,98,349,438,387,519,61,361,337
SH,601611,2017-01-06 09:44:05,18.1600,56,1813600.0000,999,B,18.1600,18.1400,18.1300,18.1200,18.1100,18.1700,18.1800,18.1900,18.2000,18.2100,83,13,50,126,402,61,312,321,788,477
SH,601611,2017-01-06 09:44:08,18.1600,23,491920.0000,271,S,18.1600,18.1500,18.1400,18.1300,18.1200,18.1700,18.1800,18.1900,18.2000,18.2100,234,114,26,65,240,49,315,321,795,477
SH,601611,2017-01-06 09:44:11,18.1600,22,207088.0000,114,S,18.1600,18.1500,18.1400,18.1300,18.1200,18.1700,18.1800,18.1900,18.2000,18.2100,182,325,55,65,306,11,347,341,811,477
SH,601611,2017-01-06 09:44:14,18.1500,29,1165312.0000,642,S,18.1500,18.1400,18.1300,18.1200,18.1100,18.1700,18.1800,18.1900,18.2000,18.2100,5,132,94,799,346,13,354,340,815,474
SH,601611,2017-01-06 09:44:17,18.1800,35,510512.0000,281,B,18.1700,18.1500,18.1400,18.1300,18.1200,18.1800,18.1900,18.2000,18.2100,18.2200,219,109,160,91,797,196,343,822,415,736
SH,601611,2017-01-06 09:44:20,18.1700,45,985056.0000,542,S,18.1700,18.1500,18.1400,18.1300,18.1200,18.1900,18.2000,18.2100,18.2200,18.2300,10,152,172,76,803,343,797,410,736,279
SH,601611,2017-01-06 09:44:23,18.1700,13,185312.0000,102,S,18.1700,18.1500,18.1400,18.1300,18.1200,18.1900,18.2000,18.2100,18.2200,18.2300,61,270,239,81,810,342,847,420,739,279
SH,601611,2017-01-06 09:44:26,18.1700,30,743184.0000,409,S,18.1600,18.1500,18.1400,18.1300,18.1200,18.1700,18.1900,18.2000,18.2100,18.2200,5,291,274,84,840,8,305,877,426,739
SH,601611,2017-01-06 09:44:29,18.1800,16,207264.0000,114,B,18.1800,18.1700,18.1600,18.1500,18.1400,18.1900,18.2000,18.2100,18.2200,18.2300,91,22,17,320,273,288,905,426,739,277
SH,601611,2017-01-06 09:44:32,18.1500,80,1715200.0000,944,S,18.1400,18.1300,18.1200,18.1100,18.1000,18.1500,18.1900,18.2000,18.2100,18.2200,273,96,1240,369,501,465,116,928,426,750
SH,601611,2017-01-06 09:44:35,18.1500,25,673360.0000,371,B,18.1400,18.1300,18.1200,18.1100,18.1000,18.1500,18.1700,18.1800,18.1900,18.2000,235,91,1190,369,491,96,275,154,137,933
SH,601611,2017-01-06 09:44:38,18.1500,16,324992.0000,179,B,18.1500,18.1400,18.1300,18.1200,18.1100,18.1700,18.1800,18.1900,18.2000,18.2100,61,231,141,1190,369,233,475,146,1043,425
SH,601611,2017-01-06 09:44:41,18.1700,9,410640.0000,226,B,18.1600,18.1500,18.1400,18.1300,18.1200,18.1700,18.1800,18.1900,18.2000,18.2100,10,213,238,133,1192,22,480,253,1043,425
SH,601611,2017-01-06 09:44:44,18.1400,54,1587504.0000,874,S,18.1400,18.1300,18.1200,18.1100,18.1000,18.1600,18.1800,18.1900,18.2000,18.2100,215,133,1184,349,510,23,99,264,1076,430
SH,601611,2017-01-06 09:44:47,18.1500,24,408784.0000,225,B,18.1700,18.1500,18.1400,18.1300,18.1200,18.1800,18.1900,18.2000,18.2100,18.2200,5,136,202,134,1164,16,266,1081,420,577
SH,601611,2017-01-06 09:44:50,18.1600,38,840256.0000,463,S,18.1600,18.1500,18.1400,18.1300,18.1200,18.1800,18.1900,18.2000,18.2100,18.2200,40,8,38,134,1127,11,388,1135,425,567
SH,601611,2017-01-06 09:44:53,18.1400,25,419120.0000,231,S,18.1300,18.1200,18.1100,18.1000,18.0900,18.1400,18.1500,18.1600,18.1700,18.1800,147,827,276,516,136,277,36,2,76,23
SH,601611,2017-01-06 09:44:56,18.1400,14,502480.0000,277,B,18.1400,18.1300,18.1200,18.1100,18.1000,18.1500,18.1600,18.1700,18.1800,18.1900,192,245,807,276,520,111,7,76,57,496
SH,601611,2017-01-06 09:44:59,18.1500,20,704480.0000,388,B,18.1500,18.1400,18.1300,18.1200,18.1100,18.1600,18.1700,18.1800,18.1900,18.2000,9,250,263,812,276,266,76,425,561,1152
SH,601611,2017-01-06 09:45:02,18.1600,11,132560.0000,73,B,18.1500,18.1400,18.1300,18.1200,18.1100,18.1600,18.1700,18.1800,18.1900,18.2000,22,292,258,812,276,217,79,554,631,1196
SH,601611,2017-01-06 09:45:05,18.1500,21,475648.0000,262,S,18.1500,18.1400,18.1300,18.1200,18.1100,18.1600,18.1700,18.1800,18.1900,18.2000,46,374,261,822,281,104,79,617,641,1196
SH,601611,2017-01-06 09:45:08,18.1500,33,875056.0000,482,S,18.1400,18.1300,18.1200,18.1100,18.1000,18.1500,18.1600,18.1700,18.1800,18.1900,294,325,835,281,523,188,7,11,647,672
SH,601611,2017-01-06 09:45:11,18.1400,21,455504.0000,251,S,18.1400,18.1300,18.1200,18.1100,18.1000,18.1500,18.1600,18.1700,18.1800,18.1900,236,441,835,281,529,1168,7,21,664,811
SH,601611,2017-01-06 09:45:14,18.1500,23,722320.0000,398,B,18.1400,18.1300,18.1200,18.1100,18.1000,18.1500,18.1600,18.1700,18.1800,18.1900,281,441,835,281,529,950,28,43,327,831
SH,601611,2017-01-06 09:45:17,18.1400,35,1567968.0000,864,S,18.1400,18.1300,18.1200,18.1100,18.1000,18.1500,18.1600,18.1700,18.1800,18.1900,67,441,835,281,553,378,36,72,323,836
SH,601611,2017-01-06 09:45:20,18.1600,46,913056.0000,503,B,18.1600,18.1500,18.1400,18.1300,18.1200,18.1700,18.1800,18.1900,18.2000,18.2100,630,404,67,446,835,101,318,807,1246,402
SH,601611,2017-01-06 09:45:23,18.1600,21,1338304.0000,737,S,18.1600,18.1500,18.1400,18.1300,18.1200,18.1700,18.1800,18.1900,18.2000,18.2100,4,676,86,392,835,102,299,810,1257,397
SH,601611,2017-01-06 09:45:26,18.1500,10,94384.0000,52,S,18.1500,18.1400,18.1300,18.1200,18.1100,18.1600,18.1700,18.1800,18.1900,18.2000,797,104,392,837,286,5,227,304,820,1257
SH,601611,2017-01-06 09:45:29,18.1700,26,474064.0000,261,B,18.1500,18.1400,18.1300,18.1200,18.1100,18.1700,18.1800,18.1900,18.2000,18.2100,755,153,389,843,286,218,299,820,1262,387
SH,601611,2017-01-06 09:45:32,18.1600,13,108928.0000,60,S,18.1500,18.1400,18.1300,18.1200,18.1100,18.1600,18.1700,18.1800,18.1900,18.2000,743,153,390,843,286,90,232,299,820,1262
SH,601611,2017-01-06 09:45:35,18.1500,19,353968.0000,195,S,18.1500,18.1400,18.1300,18.1200,18.1100,18.1600,18.1700,18.1800,18.1900,18.2000,902,155,390,843,286,296,249,345,820,1264
SH,601611,2017-01-06 09:45:38,18.1500,22,477552.0000,263,S,18.1500,18.1400,18.1300,18.1200,18.1100,18.1600,18.1700,18.1800,18.1900,18.2000,851,161,390,843,286,480,249,405,833,1269
SH,601611,2017-01-06 09:45:41,18.1600,21,390400.0000,215,B,18.1500,18.1400,18.1300,18.1200,18.1100,18.1600,18.1700,18.1800,18.1900,18.2000,896,159,390,843,286,375,249,406,873,1287
SH,601611,2017-01-06 09:45:44,18.1500,50,1708096.0000,941,S,18.1500,18.1400,18.1300,18.1200,18.1100,18.1600,18.1700,18.1800,18.1900,18.2000,184,159,390,842,286,228,251,416,902,1371
SH,601611,2017-01-06 09:45:47,18.1500,32,562688.0000,310,S,18.1400,18.1300,18.1200,18.1100,18.1000,18.1500,18.1600,18.1700,18.1800,18.1900,159,389,842,286,658,207,207,257,436,902
SH,601611,2017-01-06 09:45:50,18.1500,23,515424.0000,284,B,18.1400,18.1300,18.1200,18.1100,18.1000,18.1500,18.1600,18.1700,18.1800,18.1900,123,389,842,271,652,652,209,267,437,905
SH,601611,2017-01-06 09:45:53,18.1400,26,393648.0000,217,S,18.1300,18.1200,18.1100,18.1000,18.0900,18.1400,18.1500,18.1600,18.1700,18.1800,352,847,274,647,134,1,742,267,283,447
SH,601611,2017-01-06 09:45:56,18.1400,13,206848.0000,114,B,18.1300,18.1200,18.1100,18.1000,18.0900,18.1400,18.1500,18.1600,18.1700,18.1800,325,847,274,647,134,23,717,245,283,448
SH,601611,2017-01-06 09:45:59,18.1400,14,228528.0000,126,B,18.1300,18.1200,18.1100,18.1000,18.0900,18.1400,18.1500,18.1600,18.1700,18.1800,287,847,274,647,134,170,774,231,283,448
SH,601611,2017-01-06 09:46:02,18.1400,16,391792.0000,216,B,18.1300,18.1200,18.1100,18.1000,18.0900,18.1400,18.1500,18.1600,18.1700,18.1800,248,847,274,647,134,218,907,231,283,448
SH,601611,2017-01-06 09:46:05,18.1300,26,442432.0000,244,S,18.1300,18.1200,18.1100,18.1000,18.0900,18.1400,18.1500,18.1600,18.1700,18.1800,66,847,276,653,134,496,948,231,283,448
SH,601611,2017-01-06 09:46:08,18.1300,16,219376.0000,121,S,18.1200,18.1100,18.1000,18.0900,18.0800,18.1300,18.1400,18.1500,18.1600,18.1700,867,268,653,134,249,218,538,947,233,283
SH,601611,2017-01-06 09:46:11,18.1200,12,386016.0000,213,S,18.1200,18.1100,18.1000,18.0900,18.0800,18.1300,18.1400,18.1500,18.1600,18.1700,727,268,653,134,249,456,553,951,235,283
SH,601611,2017-01-06 09:46:14,18.1200,12,286320.0000,158,S,18.1200,18.1100,18.1000,18.0900,18.0800,18.1300,18.1400,18.1500,18.1600,18.1700,593,268,653,134,249,696,573,907,235,283
SH,601611,2017-01-06 09:46:17,18.1300,22,737728.0000,407,B,18.1200,18.1100,18.1000,18.0900,18.0800,18.1300,18.1400,18.1500,18.1600,18.1700,430,266,648,134,257,557,575,910,225,298
SH,601611,2017-01-06 09:46:20,18.1100,34,862528.0000,476,S,18.1100,18.1000,18.0900,18.0800,18.0700,18.1200,18.1300,18.1400,18.1500,18.1600,250,632,134,257,20,154,534,541,981,225
SH,601611,2017-01-06 09:46:23,18.1000,77,1636480.0000,904,S,18.0900,18.0800,18.0700,18.0600,18.0500,18.1000,18.1200,18.1300,18.1400,18.1500,129,260,20,86,74,438,328,595,541,961
SH,601611,2017-01-06 09:46:26,18.1200,58,2403952.0000,1327,B,18.0900,18.0800,18.0700,18.0600,18.0500,18.1200,18.1300,18.1400,18.1500,18.1600,91,260,20,86,74,352,135,521,866,225
SH,601611,2017-01-06 09:46:29,18.1000,9,83280.0000,46,S,18.0900,18.0800,18.0700,18.0600,18.0500,18.1000,18.1100,18.1200,18.1300,18.1400,85,277,20,76,74,53,4,720,143,519
SH,601611,2017-01-06 09:46:32,18.1000,4,57920.0000,32,B,18.0900,18.0800,18.0700,18.0600,18.0500,18.1000,18.1100,18.1200,18.1300,18.1400,85,277,20,76,74,27,82,1623,168,523
SH,601611,2017-01-06 09:46:35,18.1000,21,360176.0000,199,B,18.1000,18.0900,18.0800,18.0700,18.0600,18.1100,18.1200,18.1300,18.1400,18.1500,37,7,277,20,76,28,1487,173,519,344
SH,601611,2017-01-06 09:46:38,18.1100,12,170112.0000,94,B,18.0900,18.0800,18.0700,18.0600,18.0500,18.1100,18.1200,18.1300,18.1400,18.1500,280,277,24,73,74,53,1547,170,520,341
SH,601611,2017-01-06 09:46:41,18.0900,19,582544.0000,322,S,18.0800,18.0700,18.0600,18.0500,18.0400,18.0900,18.1000,18.1100,18.1200,18.1300,272,24,73,71,39,196,77,97,1255,170
SH,601611,2017-01-06 09:46:44,18.0900,17,264080.0000,146,B,18.0800,18.0700,18.0600,18.0500,18.0400,18.0900,18.1000,18.1100,18.1200,18.1300,239,24,73,71,39,507,171,172,1253,170
SH,601611,2017-01-06 09:46:47,18.0800,8,173568.0000,96,S,18.0800,18.0700,18.0600,18.0500,18.0400,18.0900,18.1000,18.1100,18.1200,18.1300,154,24,73,71,39,551,208,197,1249,170
SH,601611,2017-01-06 09:46:50,18.0800,23,385168.0000,213,S,18.0800,18.0700,18.0600,18.0500,18.0400,18.0900,18.1000,18.1100,18.1200,18.1300,5,24,73,71,39,533,218,217,1204,170
SH,601611,2017-01-06 09:46:53,18.0800,6,41584.0000,23,S,18.0700,18.0600,18.0500,18.0400,18.0300,18.0800,18.0900,18.1000,18.1100,18.1200,20,73,71,39,186,1145,606,218,254,1204
SH,601611,2017-01-06 09:46:56,18.0800,8,56032.0000,31,B,18.0700,18.0600,18.0500,18.0400,18.0300,18.0800,18.0900,18.1000,18.1100,18.1200,10,66,69,39,186,1195,641,218,274,1204
SH,601611,2017-01-06 09:46:59,18.0800,9,191584.0000,106,B,18.0600,18.0500,18.0400,18.0300,18.0200,18.0700,18.0800,18.0900,18.1000,18.1100,35,69,39,186,94,67,1181,541,188,274
SH,601611,2017-01-06 09:47:02,18.0700,7,84928.0000,47,B,18.0600,18.0500,18.0400,18.0300,18.0200,18.0700,18.0800,18.0900,18.1000,18.1100,30,69,44,186,94,90,1217,539,188,264
SH,601611,2017-01-06 09:47:05,18.0700,17,151712.0000,84,B,18.0600,18.0500,18.0400,18.0300,18.0200,18.0700,18.0800,18.0900,18.1000,18.1100,10,46,46,186,94,443,1176,534,191,264
SH,601611,2017-01-06 09:47:08,18.0700,13,177040.0000,98,B,18.0500,18.0400,18.0300,18.0200,18.0100,18.0700,18.0800,18.0900,18.1000,18.1100,64,74,186,94,462,412,1134,484,191,266
SH,601611,2017-01-06 09:47:11,18.0600,14,102928.0000,57,S,18.0500,18.0400,18.0300,18.0200,18.0100,18.0600,18.0700,18.0800,18.0900,18.1000,28,74,189,94,473,1,473,1141,479,181
SH,601611,2017-01-06 09:47:14,18.0500,10,92112.0000,51,S,18.0500,18.0400,18.0300,18.0200,18.0100,18.0600,18.0700,18.0800,18.0900,18.1000,21,111,191,94,473,45,447,1135,483,192
SH,601611,2017-01-06 09:47:17,18.0500,13,180496.0000,100,S,18.0400,18.0300,18.0200,18.0100,18.0000,18.0500,18.0600,18.0700,18.0800,18.0900,112,191,94,473,560,83,148,449,1124,480
SH,601611,2017-01-06 09:47:20,18.0300,23,389584.0000,216,S,18.0300,18.0200,18.0100,18.0000,17.9900,18.0400,18.0500,18.0600,18.0700,18.0800,122,94,473,560,445,15,118,184,454,1119
SH,601611,2017-01-06 09:47:23,18.0400,9,111856.0000,62,B,18.0300,18.0200,18.0100,18.0000,17.9900,18.0400,18.0500,18.0600,18.0700,18.0800,118,94,473,545,445,6,159,186,463,1119
SH,601611,2017-01-06 09:47:26,18.0300,14,203904.0000,113,S,18.0400,18.0300,18.0200,18.0100,18.0000,18.0500,18.0600,18.0700,18.0800,18.0900,20,92,112,473,545,122,212,452,1116,466
SH,601611,2017-01-06 09:47:29,18.0500,14,162400.0000,90,B,18.0300,18.0200,18.0100,18.0000,17.9900,18.0500,18.0600,18.0700,18.0800,18.0900,82,172,474,545,445,188,209,486,1110,466
SH,601611,2017-01-06 09:47:32,18.0300,18,333648.0000,185,S,18.0200,18.0100,18.0000,17.9900,17.9800,18.0300,18.0400,18.0500,18.0600,18.0700,172,474,533,445,1067,26,2,188,209,486
SH,601611,2017-01-06 09:47:35,18.0400,24,476352.0000,264,B,18.0300,18.0200,18.0100,18.0000,17.9900,18.0400,18.0500,18.0600,18.0700,18.0800,93,174,474,538,454,10,156,183,485,1125
SH,601611,2017-01-06 09:47:38,18.0300,14,104624.0000,58,S,18.0400,18.0300,18.0200,18.0100,18.0000,18.0500,18.0600,18.0700,18.0800,18.0900,10,235,190,479,531,153,141,485,1118,466
SH,601611,2017-01-06 09:47:41,18.0500,19,128096.0000,71,B,18.0300,18.0200,18.0100,18.0000,17.9900,18.0500,18.0600,18.0700,18.0800,18.0900,556,190,489,536,454,178,136,485,88,466
SH,601611,2017-01-06 09:47:44,18.0400,10,248864.0000,138,S,18.0300,18.0200,18.0100,18.0000,17.9900,18.0400,18.0500,18.0600,18.0700,18.0800,471,224,489,540,454,6,173,89,480,88
SH,601611,2017-01-06 09:47:47,18.0300,9,50512.0000,28,S,18.0400,18.0300,18.0200,18.0100,18.0000,18.0500,18.0600,18.0700,18.0800,18.0900,307,550,298,489,540,185,89,480,78,466
SH,601611,2017-01-06 09:47:50,18.0500,14,350048.0000,194,B,18.0400,18.0300,18.0200,18.0100,18.0000,18.0500,18.0600,18.0700,18.0800,18.0900,417,721,305,489,548,111,79,424,78,466
SH,601611,2017-01-06 09:47:53,18.0400,24,2066752.0000,1146,S,18.0400,18.0300,18.0200,18.0100,18.0000,18.0500,18.0600,18.0700,18.0800,18.0900,2,228,317,539,560,80,79,424,78,466
SH,601611,2017-01-06 09:47:56,18.0500,15,236448.0000,131,B,18.0500,18.0400,18.0300,18.0200,18.0100,18.0600,18.0700,18.0800,18.0900,18.1000,194,59,241,367,583,69,424,75,466,160
SH,601611,2017-01-06 09:47:59,18.0500,8,97488.0000,54,S,18.0500,18.0400,18.0300,18.0200,18.0100,18.0600,18.0700,18.0800,18.0900,18.1000,414,192,244,367,583,57,424,75,466,160
SH,601611,2017-01-06 09:48:02,18.0600,8,232864.0000,129,B,18.0500,18.0400,18.0300,18.0200,18.0100,18.0600,18.0700,18.0800,18.0900,18.1000,328,302,269,367,583,34,424,75,464,160
SH,601611,2017-01-06 09:48:05,18.0500,9,57776.0000,32,S,18.0500,18.0400,18.0300,18.0200,18.0100,18.0600,18.0700,18.0800,18.0900,18.1000,352,333,299,476,601,34,427,81,464,160
SH,601611,2017-01-06 09:48:08,18.0700,14,411920.0000,228,B,18.0600,18.0500,18.0400,18.0300,18.0200,18.0700,18.0800,18.0900,18.1000,18.1100,37,380,470,299,416,261,79,464,166,168
SH,601611,2017-01-06 09:48:11,18.0600,6,25280.0000,14,S,18.0600,18.0500,18.0400,18.0300,18.0200,18.0700,18.0800,18.0900,18.1000,18.1100,106,507,488,342,415,260,79,464,166,168
SH,601611,2017-01-06 09:48:14,18.0700,9,227584.0000,126,B,18.0600,18.0500,18.0400,18.0300,18.0200,18.0700,18.0800,18.0900,18.1000,18.1100,99,551,487,354,665,269,79,464,166,163
SH,601611,2017-01-06 09:48:17,18.0600,21,359472.0000,199,S,18.0600,18.0500,18.0400,18.0300,18.0200,18.0700,18.0800,18.0900,18.1000,18.1100,55,594,524,364,665,232,79,464,151,163
SH,601611,2017-01-06 09:48:20,18.0600,19,216816.0000,120,S,18.0600,18.0500,18.0400,18.0300,18.0200,18.0700,18.0800,18.0900,18.1000,18.1100,46,662,516,372,665,151,79,464,267,163
SH,601611,2017-01-06 09:48:23,18.0800,43,601664.0000,333,B,18.0800,18.0700,18.0600,18.0500,18.0400,18.0900,18.1000,18.1100,18.1200,18.1300,86,115,18,589,515,474,267,148,277,64
SH,601611,2017-01-06 09:48:26,18.0800,3,84976.0000,47,S,18.0800,18.0700,18.0600,18.0500,18.0400,18.0900,18.1000,18.1100,18.1200,18.1300,39,120,193,606,448,474,272,148,269,64
SH,601611,2017-01-06 09:48:29,18.0700,6,84976.0000,47,S,18.0700,18.0600,18.0500,18.0400,18.0300,18.0800,18.0900,18.1000,18.1100,18.1200,176,351,607,443,354,19,473,272,148,269
SH,601611,2017-01-06 09:48:32,18.0800,7,72320.0000,40,B,18.0700,18.0600,18.0500,18.0400,18.0300,18.0800,18.0900,18.1000,18.1100,18.1200,375,402,567,453,349,34,473,269,148,272
SH,601611,2017-01-06 09:48:35,18.0900,10,399648.0000,221,B,18.0800,18.0700,18.0600,18.0500,18.0400,18.0900,18.1000,18.1100,18.1200,18.1300,30,363,447,568,451,348,259,78,272,64
SH,601611,2017-01-06 09:48:38,18.0900,6,298448.0000,165,B,18.0800,18.0700,18.0600,18.0500,18.0400,18.0900,18.1000,18.1100,18.1200,18.1300,49,376,547,566,448,223,261,78,232,64
SH,601611,2017-01-06 09:48:41,18.0800,24,725344.0000,401,S,18.0800,18.0700,18.0600,18.0500,18.0400,18.0900,18.1000,18.1100,18.1200,18.1300,16,402,528,564,449,2,261,78,232,64
SH,601611,2017-01-06 09:48:44,18.1000,25,367264.0000,203,B,18.0900,18.0800,18.0700,18.0600,18.0500,18.1000,18.1100,18.1200,18.1300,18.1400,5,94,422,534,564,158,78,232,64,343
SH,601611,2017-01-06 09:48:47,18.0900,18,262208.0000,145,S,18.0900,18.0800,18.0700,18.0600,18.0500,18.1000,18.1100,18.1200,18.1300,18.1400,5,79,348,473,450,157,78,232,64,339
SH,601611,2017-01-06 09:48:50,18.0800,33,685520.0000,379,S,18.0800,18.0700,18.0600,18.0500,18.0400,18.1000,18.1100,18.1200,18.1300,18.1400,65,348,487,445,416,57,78,232,64,339
SH,601611,2017-01-06 09:48:53,18.0900,17,247872.0000,137,B,18.0900,18.0800,18.0700,18.0600,18.0500,18.1100,18.1200,18.1300,18.1400,18.1500,37,367,324,475,442,76,232,76,371,1296
SH,601611,2017-01-06 09:48:56,18.1000,2,23520.0000,13,B,18.1000,18.0900,18.0800,18.0700,18.0600,18.1100,18.1200,18.1300,18.1400,18.1500,67,64,495,326,469,76,232,76,371,1296
SH,601611,2017-01-06 09:48:59,18.1000,3,83264.0000,46,S,18.1000,18.0900,18.0800,18.0700,18.0600,18.1100,18.1200,18.1300,18.1400,18.1500,58,275,572,313,1469,92,232,76,371,1296
SH,601611,2017-01-06 09:49:02,18.1000,7,70592.0000,39,S,18.1000,18.0900,18.0800,18.0700,18.0600,18.1100,18.1200,18.1300,18.1400,18.1500,65,475,584,313,1469,156,232,76,371,1296
SH,601611,2017-01-06 09:49:05,18.1100,6,34384.0000,19,B,18.1000,18.0900,18.0800,18.0700,18.0600,18.1100,18.1200,18.1300,18.1400,18.1500,54,501,615,313,1466,154,242,76,372,1306
SH,601611,2017-01-06 09:49:08,18.1000,33,354880.0000,196,S,18.1000,18.0900,18.0800,18.0700,18.0600,18.1100,18.1200,18.1300,18.1400,18.1500,71,603,645,362,1476,34,242,76,373,1306
SH,601611,2017-01-06 09:49:11,18.1100,14,128608.0000,71,B,18.1100,18.1000,18.0900,18.0800,18.0700,18.1200,18.1300,18.1400,18.1500,18.1600,44,177,597,705,344,230,76,373,1306,195
SH,601611,2017-01-06 09:49:14,18.1100,11,76048.0000,42,S,18.1100,18.1000,18.0900,18.0800,18.0700,18.1200,18.1300,18.1400,18.1500,18.1600,80,183,587,685,358,230,76,373,1106,195
SH,601611,2017-01-06 09:49:17,18.1000,27,561232.0000,310,S,18.0900,18.0800,18.0700,18.0600,18.0500,18.1000,18.1200,18.1300,18.1400,18.1500,615,390,358,1496,304,1247,251,76,372,1106
SH,601611,2017-01-06 09:49:20,18.1000,15,796384.0000,440,B,18.0900,18.0800,18.0700,18.0600,18.0500,18.1000,18.1100,18.1200,18.1300,18.1400,615,390,360,1496,299,810,70,251,76,422
SH,601611,2017-01-06 09:49:23,18.1000,13,1214512.0000,671,B,18.0900,18.0800,18.0700,18.0600,18.0500,18.1000,18.1100,18.1200,18.1300,18.1400,605,390,360,1496,304,150,88,253,82,425
SH,601611,2017-01-06 09:49:26,18.1100,15,447168.0000,247,B,18.1000,18.0900,18.0800,18.0700,18.0600,18.1100,18.1200,18.1300,18.1400,18.1500,19,605,350,360,1496,188,253,82,428,1079
SH,601611,2017-01-06 09:49:29,18.1000,18,285936.0000,158,S,18.1000,18.0900,18.0800,18.0700,18.0600,18.1100,18.1200,18.1300,18.1400,18.1500,1,530,350,329,1496,216,254,82,439,1100
SH,601611,2017-01-06 09:49:32,18.1000,22,611872.0000,338,S,18.0900,18.0800,18.0700,18.0600,18.0500,18.1000,18.1100,18.1200,18.1300,18.1400,484,353,329,1499,302,68,99,254,82,439
SH,601611,2017-01-06 09:49:35,18.1100,34,910528.0000,503,B,18.1000,18.0900,18.0800,18.0700,18.0600,18.1100,18.1200,18.1300,18.1400,18.1500,36,346,353,329,1473,79,258,87,471,1100
SH,601611,2017-01-06 09:49:38,18.0900,11,190016.0000,105,S,18.0900,18.0800,18.0700,18.0600,18.0500,18.1000,18.1100,18.1200,18.1300,18.1400,325,353,329,1471,302,48,69,319,90,481
SH,601611,2017-01-06 09:49:41,18.1000,8,81456.0000,45,B,18.0900,18.0800,18.0700,18.0600,18.0500,18.1000,18.1100,18.1200,18.1300,18.1400,320,353,329,1474,297,165,74,319,90,509
SH,601611,2017-01-06 09:49:44,18.0900,11,182768.0000,101,S,18.0900,18.0800,18.0700,18.0600,18.0500,18.1000,18.1100,18.1200,18.1300,18.1400,297,353,329,1474,302,150,113,320,101,509
SH,601611,2017-01-06 09:49:47,18.1000,18,494064.0000,273,B,18.0900,18.0800,18.0700,18.0600,18.0500,18.1000,18.1100,18.1200,18.1300,18.1400,244,358,339,1483,302,108,188,283,101,509
SH,601611,2017-01-06 09:49:50,18.0900,18,336656.0000,186,S,18.0900,18.0800,18.0700,18.0600,18.0500,18.1000,18.1100,18.1200,18.1300,18.1400,298,358,339,1483,302,70,200,283,96,519
SH,601611,2017-01-06 09:49:53,18.0900,16,665952.0000,368,S,18.1000,18.0900,18.0800,18.0700,18.0600,18.1100,18.1200,18.1300,18.1400,18.1500,1,181,328,339,1483,215,283,96,515,1140
SH,601611,2017-01-06 09:49:56,18.1000,14,238896.0000,132,S,18.0900,18.0800,18.0700,18.0600,18.0500,18.1000,18.1100,18.1200,18.1300,18.1400,158,328,333,1483,307,394,210,284,96,535
SH,601611,2017-01-06 09:49:59,18.1000,6,76000.0000,42,B,18.0900,18.0800,18.0700,18.0600,18.0500,18.1000,18.1100,18.1200,18.1300,18.1400,148,328,313,1533,302,379,220,284,146,535
SH,601611,2017-01-06 09:50:02,18.1000,5,320352.0000,177,B,18.0900,18.0800,18.0700,18.0600,18.0500,18.1000,18.1100,18.1200,18.1300,18.1400,156,330,315,1533,292,230,238,284,149,545
SH,601611,2017-01-06 09:50:05,18.0900,15,197216.0000,109,S,18.0900,18.0800,18.0700,18.0600,18.0500,18.1000,18.1100,18.1200,18.1300,18.1400,79,330,315,1553,292,278,240,291,149,545
SH,601611,2017-01-06 09:50:08,18.0900,16,302144.0000,167,S,18.0800,18.0700,18.0600,18.0500,18.0400,18.0900,18.1000,18.1100,18.1200,18.1300,330,320,1553,292,286,10,395,238,291,149
SH,601611,2017-01-06 09:50:11,18.0800,38,848048.0000,469,S,18.0700,18.0600,18.0500,18.0400,18.0300,18.0800,18.0900,18.1000,18.1100,18.1200,325,1550,292,281,325,88,18,385,238,291
SH,601611,2017-01-06 09:50:14,18.0900,14,209760.0000,116,B,18.0700,18.0600,18.0500,18.0400,18.0300,18.0900,18.1000,18.1100,18.1200,18.1300,325,1550,292,291,325,11,474,238,291,164
SH,601611,2017-01-06 09:50:17,18.0900,7,88624.0000,49,B,18.0700,18.0600,18.0500,18.0400,18.0300,18.0900,18.1000,18.1100,18.1200,18.1300,325,1550,292,291,325,113,479,243,291,164
SH,601611,2017-01-06 09:50:20,18.0700,9,137408.0000,76,S,18.0800,18.0700,18.0600,18.0500,18.0400,18.0900,18.1000,18.1100,18.1200,18.1300,1,288,1550,292,241,161,483,223,291,164
SH,601611,2017-01-06 09:50:23,18.1000,42,736176.0000,407,B,18.0700,18.0600,18.0500,18.0400,18.0300,18.1000,18.1100,18.1200,18.1300,18.1400,205,1550,292,241,325,377,328,291,164,570
SH,601611,2017-01-06 09:50:26,18.0900,25,488048.0000,270,S,18.0700,18.0600,18.0500,18.0400,18.0300,18.0900,18.1000,18.1100,18.1200,18.1300,84,1550,292,241,325,93,383,326,291,164
SH,601611,2017-01-06 09:50:29,18.0700,20,672416.0000,372,S,18.0600,18.0500,18.0400,18.0300,18.0200,18.0700,18.0900,18.1000,18.1100,18.1200,1461,292,241,155,568,47,22,397,326,291
SH,601611,2017-01-06 09:50:32,18.0900,14,236912.0000,131,B,18.0700,18.0600,18.0500,18.0400,18.0300,18.0900,18.1000,18.1100,18.1200,18.1300,6,1467,292,221,165,140,340,326,230,164
SH,601611,2017-01-06 09:50:35,18.0600,13,222384.0000,123,S,18.0600,18.0500,18.0400,18.0300,18.0200,18.0900,18.1000,18.1100,18.1200,18.1300,1474,297,221,165,578,249,335,316,230,164
SH,601611,2017-01-06 09:50:38,18.0600,30,2828240.0000,1566,S,18.0500,18.0400,18.0300,18.0200,18.0100,18.0600,18.0700,18.0800,18.0900,18.1000,287,221,168,578,634,379,211,15,310,353
SH,601611,2017-01-06 09:50:41,18.0600,12,187824.0000,104,B,18.0500,18.0400,18.0300,18.0200,18.0100,18.0600,18.0700,18.0800,18.0900,18.1000,272,221,168,578,634,790,211,35,330,353
SH,601611,2017-01-06 09:50:44,18.0600,5,64992.0000,36,B,18.0500,18.0400,18.0300,18.0200,18.0100,18.0600,18.0700,18.0800,18.0900,18.1000,266,221,168,578,634,774,263,35,357,375
SH,601611,2017-01-06 09:50:47,18.0500,33,611840.0000,339,S,18.0400,18.0300,18.0200,18.0100,18.0000,18.0500,18.0600,18.0700,18.0800,18.0900,156,168,578,634,725,49,818,309,35,308
SH,601611,2017-01-06 09:50:50,18.0500,18,416864.0000,231,B,18.0400,18.0300,18.0200,18.0100,18.0000,18.0500,18.0600,18.0700,18.0800,18.0900,28,168,578,604,725,18,808,329,23,304
SH,601611,2017-01-06 09:50:53,18.0400,7,97472.0000,54,S,18.0400,18.0300,18.0200,18.0100,18.0000,18.0500,18.0600,18.0700,18.0800,18.0900,19,182,578,604,725,110,798,329,23,304
SH,601611,2017-01-06 09:50:56,18.0500,11,92016.0000,51,B,18.0300,18.0200,18.0100,18.0000,17.9900,18.0500,18.0600,18.0700,18.0800,18.0900,186,578,604,725,496,336,839,318,8,304
SH,601611,2017-01-06 09:50:59,18.0400,16,144272.0000,80,S,18.0300,18.0200,18.0100,18.0000,17.9900,18.0400,18.0500,18.0600,18.0700,18.0800,125,578,604,725,496,26,368,864,318,8
SH,601611,2017-01-06 09:51:02,18.0300,12,111824.0000,62,S,18.0400,18.0300,18.0200,18.0100,18.0000,18.0500,18.0600,18.0700,18.0800,18.0900,1,103,528,604,712,371,854,318,98,275
SH,601611,2017-01-06 09:51:05,18.0400,34,990720.0000,549,S,18.0300,18.0200,18.0100,18.0000,17.9900,18.0400,18.0600,18.0700,18.0800,18.0900,2,528,604,712,496,2,826,318,98,230
SH,601611,2017-01-06 09:51:08,18.0300,21,362304.0000,201,S,18.0200,18.0100,18.0000,17.9900,17.9800,18.0300,18.0400,18.0600,18.0700,18.0800,368,604,663,498,1043,84,61,828,318,98
SH,601611,2017-01-06 09:51:11,18.0300,15,432816.0000,240,B,18.0300,18.0200,18.0100,18.0000,17.9900,18.0500,18.0600,18.0700,18.0800,18.0900,9,348,604,663,498,39,778,318,98,230
SH,601611,2017-01-06 09:51:14,18.0500,3,30672.0000,17,B,18.0400,18.0300,18.0200,18.0100,18.0000,18.0500,18.0600,18.0700,18.0800,18.0900,20,64,349,604,686,65,788,313,98,230
SH,601611,2017-01-06 09:51:17,18.0300,12,257872.0000,143,S,18.0200,18.0100,18.0000,17.9900,17.9800,18.0300,18.0400,18.0500,18.0600,18.0700,349,604,676,498,1043,27,45,80,288,313
SH,601611,2017-01-06 09:51:20,18.0300,14,365872.0000,203,B,18.0200,18.0100,18.0000,17.9900,17.9800,18.0300,18.0400,18.0500,18.0600,18.0700,220,604,686,498,1043,123,50,99,288,273
SH,601611,2017-01-06 09:51:23,18.0300,7,79328.0000,44,B,18.0200,18.0100,18.0000,17.9900,17.9800,18.0300,18.0400,18.0500,18.0600,18.0700,225,604,688,508,1043,109,67,257,283,273
SH,601611,2017-01-06 09:51:26,18.0300,9,162208.0000,90,B,18.0200,18.0100,18.0000,17.9900,17.9800,18.0300,18.0400,18.0500,18.0600,18.0700,190,604,703,498,1043,70,78,273,295,273
SH,601611,2017-01-06 09:51:29,18.0300,8,91920.0000,51,B,18.0200,18.0100,18.0000,17.9900,17.9800,18.0300,18.0400,18.0500,18.0600,18.0700,173,604,705,498,1048,67,144,311,275,273
SH,601611,2017-01-06 09:51:32,18.0200,4,79312.0000,44,S,18.0200,18.0100,18.0000,17.9900,17.9800,18.0300,18.0400,18.0500,18.0600,18.0700,144,604,705,498,1048,52,147,311,275,273
SH,601611,2017-01-06 09:51:35,18.0200,36,529984.0000,294,S,18.0100,18.0000,17.9900,17.9800,17.9700,18.0200,18.0400,18.0500,18.0600,18.0700,604,711,498,1048,7,71,95,311,275,273
SH,601611,2017-01-06 09:51:38,18.0100,9,293616.0000,163,S,18.0100,18.0000,17.9900,17.9800,17.9700,18.0200,18.0400,18.0500,18.0600,18.0700,483,778,518,1048,7,171,95,311,275,333
SH,601611,2017-01-06 09:51:41,18.0200,7,109920.0000,61,B,18.0100,18.0000,17.9900,17.9800,17.9700,18.0200,18.0400,18.0500,18.0600,18.0700,484,806,518,1048,7,147,110,286,275,333
SH,601611,2017-01-06 09:51:44,18.0200,11,171120.0000,95,B,18.0100,18.0000,17.9900,17.9800,17.9700,18.0200,18.0400,18.0500,18.0600,18.0700,394,809,529,1048,7,148,112,286,275,333
SH,601611,2017-01-06 09:51:47,18.0100,6,165712.0000,92,S,18.0100,18.0000,17.9900,17.9800,17.9700,18.0200,18.0400,18.0500,18.0600,18.0700,320,808,529,1048,7,135,112,288,275,333
SH,601611,2017-01-06 09:51:50,18.0100,9,160304.0000,89,S,18.0100,18.0000,17.9900,17.9800,17.9700,18.0200,18.0400,18.0500,18.0600,18.0700,295,819,554,1048,7,307,112,265,275,333
SH,601611,2017-01-06 09:51:53,18.0200,31,408944.0000,227,B,18.0100,18.0000,17.9900,17.9800,17.9700,18.0200,18.0400,18.0500,18.0600,18.0700,170,809,554,1048,7,214,112,255,305,333
SH,601611,2017-01-06 09:51:56,18.0100,10,178304.0000,99,S,18.0100,18.0000,17.9900,17.9800,17.9700,18.0200,18.0400,18.0500,18.0600,18.0700,318,796,554,1048,7,217,131,261,305,333
SH,601611,2017-01-06 09:51:59,18.0100,16,153088.0000,85,S,18.0100,18.0000,17.9900,17.9800,17.9700,18.0200,18.0400,18.0500,18.0600,18.0700,240,794,554,1048,7,210,131,247,305,333
SH,601611,2017-01-06 09:52:02,18.0200,11,205376.0000,114,B,18.0100,18.0000,17.9900,17.9800,17.9700,18.0200,18.0400,18.0500,18.0600,18.0700,210,809,554,1048,7,172,131,244,305,333
SH,601611,2017-01-06 09:52:05,18.0100,13,331392.0000,184,S,18.0100,18.0000,17.9900,17.9800,17.9700,18.0200,18.0400,18.0500,18.0600,18.0700,46,809,554,1048,7,152,131,101,305,333
SH,601611,2017-01-06 09:52:08,18.0200,11,189168.0000,105,B,18.0100,18.0000,17.9900,17.9800,17.9700,18.0200,18.0400,18.0500,18.0600,18.0700,71,805,554,1048,7,98,131,111,305,333
SH,601611,2017-01-06 09:52:11,18.0100,13,275664.0000,153,S,18.0100,18.0000,17.9900,17.9800,17.9700,18.0400,18.0500,18.0600,18.0700,18.0800,287,815,641,1048,7,131,99,305,333,151
SH,601611,2017-01-06 09:52:14,18.0100,10,108112.0000,60,S,18.0100,18.0000,17.9900,17.9800,17.9700,18.0200,18.0400,18.0500,18.0600,18.0700,262,814,641,1048,7,1,131,99,305,333
SH,601611,2017-01-06 09:52:17,18.0100,8,90160.0000,50,S,18.0100,18.0000,17.9900,17.9800,17.9700,18.0400,18.0500,18.0600,18.0700,18.0800,370,843,641,1043,7,98,99,305,333,151
SH,601611,2017-01-06 09:52:20,18.0100,6,109920.0000,61,S,18.0100,18.0000,17.9900,17.9800,17.9700,18.0400,18.0500,18.0600,18.0700,18.0800,372,846,659,1048,7,98,99,305,333,151
SH,601611,2017-01-06 09:52:23,18.0400,12,353568.0000,196,B,18.0400,18.0200,18.0100,18.0000,17.9900,18.0500,18.0600,18.0700,18.0800,18.0900,212,71,446,831,668,99,305,333,151,208
SH,601611,2017-01-06 09:52:26,18.0200,10,481552.0000,267,S,18.0200,18.0100,18.0000,17.9900,17.9800,18.0300,18.0500,18.0600,18.0700,18.0800,190,463,836,662,1069,10,99,305,333,151
SH,601611,2017-01-06 09:52:29,18.0300,3,19840.0000,11,B,18.0400,18.0200,18.0100,18.0000,17.9900,18.0500,18.0600,18.0700,18.0800,18.0900,17,245,475,865,662,127,305,333,151,208
SH,601611,2017-01-06 09:52:32,18.0300,19,227392.0000,126,S,18.0300,18.0200,18.0100,18.0000,17.9900,18.0500,18.0600,18.0700,18.0800,18.0900,7,263,426,865,662,37,305,133,151,208
SH,601611,2017-01-06 09:52:35,18.0500,5,25248.0000,14,B,18.0300,18.0200,18.0100,18.0000,17.9900,18.0400,18.0500,18.0600,18.0700,18.0800,26,450,431,870,667,40,108,305,133,151
SH,601611,2017-01-06 09:52:38,18.0300,4,25248.0000,14,S,18.0300,18.0200,18.0100,18.0000,17.9900,18.0400,18.0500,18.0600,18.0700,18.0800,22,468,444,873,667,40,108,305,133,151
SH,601611,2017-01-06 09:52:41,18.0300,5,34272.0000,19,S,18.0300,18.0200,18.0100,18.0000,17.9900,18.0400,18.0500,18.0600,18.0700,18.0800,24,580,451,884,667,27,208,305,133,151
SH,601611,2017-01-06 09:52:44,18.0400,8,75744.0000,42,B,18.0400,18.0300,18.0200,18.0100,18.0000,18.0500,18.0600,18.0700,18.0800,18.0900,20,25,580,454,890,209,305,133,151,208
SH,601611,2017-01-06 09:52:47,18.0400,7,138928.0000,77,S,18.0400,18.0300,18.0200,18.0100,18.0000,18.0500,18.0600,18.0700,18.0800,18.0900,7,25,576,488,900,209,305,133,151,208
SH,601611,2017-01-06 09:52:50,18.0500,10,128048.0000,71,B,18.0400,18.0300,18.0200,18.0100,18.0000,18.0500,18.0600,18.0700,18.0800,18.0900,35,30,586,488,900,197,305,133,151,218
SH,601611,2017-01-06 09:52:53,18.0400,8,55952.0000,31,S,18.0400,18.0300,18.0200,18.0100,18.0000,18.0500,18.0600,18.0700,18.0800,18.0900,65,241,606,514,905,173,305,133,151,221
SH,601611,2017-01-06 09:52:56,18.0400,12,131712.0000,73,S,18.0400,18.0300,18.0200,18.0100,18.0000,18.0500,18.0600,18.0700,18.0800,18.0900,62,306,578,519,930,144,305,133,151,221
SH,601611,2017-01-06 09:52:59,18.0400,13,232784.0000,129,S,18.0300,18.0200,18.0100,18.0000,17.9900,18.0400,18.0500,18.0600,18.0700,18.0800,383,581,516,932,689,68,93,305,133,151
SH,601611,2017-01-06 09:53:02,18.0400,1,18048.0000,10,B,18.0300,18.0200,18.0100,18.0000,17.9900,18.0400,18.0500,18.0600,18.0700,18.0800,526,566,534,934,719,75,116,305,133,151
SH,601611,2017-01-06 09:53:05,18.0400,5,120848.0000,67,B,18.0300,18.0200,18.0100,18.0000,17.9900,18.0400,18.0500,18.0600,18.0700,18.0800,592,574,534,936,719,28,131,305,133,151
SH,601611,2017-01-06 09:53:08,18.0400,7,50528.0000,28,B,18.0400,18.0300,18.0200,18.0100,18.0000,18.0500,18.0600,18.0700,18.0800,18.0900,20,595,574,545,936,159,305,133,148,221
SH,601611,2017-01-06 09:53:11,18.0400,17,396784.0000,220,S,18.0300,18.0200,18.0100,18.0000,17.9900,18.0400,18.0500,18.0600,18.0700,18.0800,509,575,552,946,719,3,148,305,133,148
SH,601611,2017-01-06 09:53:14,18.0400,17,259872.0000,144,B,18.0300,18.0200,18.0100,18.0000,17.9900,18.0400,18.0500,18.0600,18.0700,18.0800,509,575,552,944,719,7,46,305,133,178
SH,601611,2017-01-06 09:53:17,18.0500,13,173168.0000,96,B,18.0300,18.0200,18.0100,18.0000,17.9900,18.0500,18.0600,18.0700,18.0800,18.0900,493,575,552,936,725,35,305,137,178,221
SH,601611,2017-01-06 09:53:20,18.0500,8,279488.0000,155,B,18.0400,18.0300,18.0200,18.0100,18.0000,18.0500,18.0600,18.0700,18.0800,18.0900,43,357,565,552,938,36,305,117,178,221
SH,601611,2017-01-06 09:53:23,18.0500,6,64960.0000,36,B,18.0500,18.0400,18.0300,18.0200,18.0100,18.0600,18.0700,18.0800,18.0900,18.1000,99,52,357,565,560,305,117,178,221,1037
SH,601611,2017-01-06 09:53:26,18.0500,5,66800.0000,37,S,18.0500,18.0400,18.0300,18.0200,18.0100,18.0600,18.0700,18.0800,18.0900,18.1000,103,72,365,565,562,289,117,178,221,1037
SH,601611,2017-01-06 09:53:29,18.0500,3,37920.0000,21,S,18.0500,18.0400,18.0300,18.0200,18.0100,18.0600,18.0700,18.0800,18.0900,18.1000,129,244,365,565,562,289,117,178,221,1047
SH,601611,2017-01-06 09:53:32,18.0500,18,321232.0000,178,S,18.0400,18.0300,18.0200,18.0100,18.0000,18.0500,18.0600,18.0700,18.0800,18.0900,206,375,565,566,986,120,289,117,178,221
SH,601611,2017-01-06 09:53:35,18.0500,27,985792.0000,546,B,18.0400,18.0300,18.0200,18.0100,18.0000,18.0500,18.0700,18.0800,18.0900,18.1000,286,376,565,566,993,9,96,178,221,1057
SH,601611,2017-01-06 09:53:38,18.0500,5,19856.0000,11,B,18.0400,18.0300,18.0200,18.0100,18.0000,18.0500,18.0700,18.0800,18.0900,18.1000,286,376,565,566,992,48,96,178,221,1052
SH,601611,2017-01-06 09:53:41,18.0500,7,86656.0000,48,B,18.0500,18.0400,18.0300,18.0200,18.0100,18.0700,18.0800,18.0900,18.1000,18.1100,9,297,385,565,315,96,178,221,1052,337
SH,601611,2017-01-06 09:53:44,18.0700,4,54160.0000,30,B,18.0600,18.0400,18.0300,18.0200,18.0100,18.0700,18.0800,18.0900,18.1000,18.1100,7,302,385,575,315,86,178,221,1055,337
SH,601611,2017-01-06 09:53:47,18.0500,13,176848.0000,98,S,18.0400,18.0300,18.0200,18.0100,18.0000,18.0500,18.0700,18.0800,18.0900,18.1000,260,387,566,315,996,27,86,178,226,1065
SH,601611,2017-01-06 09:53:50,18.0500,9,92080.0000,51,B,18.0500,18.0400,18.0300,18.0200,18.0100,18.0700,18.0800,18.0900,18.1000,18.1100,9,279,387,566,315,86,178,251,1065,337
SH,601611,2017-01-06 09:53:53,18.0500,5,50544.0000,28,S,18.0500,18.0400,18.0300,18.0200,18.0100,18.0600,18.0700,18.0800,18.0900,18.1000,83,284,392,566,315,27,103,198,251,1078
SH,601611,2017-01-06 09:53:56,18.0500,27,638944.0000,354,S,18.0400,18.0300,18.0200,18.0100,18.0000,18.0500,18.0700,18.0800,18.0900,18.1000,135,392,566,322,1000,4,65,198,251,1078
SH,601611,2017-01-06 09:53:59,18.0700,3,77696.0000,43,B,18.0500,18.0400,18.0300,18.0200,18.0100,18.0700,18.0800,18.0900,18.1000,18.1100,26,139,387,566,322,29,198,269,1078,327
SH,601611,2017-01-06 09:54:02,18.0700,15,119136.0000,66,B,18.0600,18.0500,18.0400,18.0300,18.0200,18.0700,18.0800,18.0900,18.1000,18.1100,5,1,152,387,566,18,202,269,1101,327
SH,601611,2017-01-06 09:54:05,18.0600,12,120992.0000,67,S,18.0500,18.0400,18.0300,18.0200,18.0100,18.0600,18.0700,18.0800,18.0900,18.1000,68,153,311,565,322,27,5,202,269,1101
SH,601611,2017-01-06 09:54:08,18.0700,3,104752.0000,58,B,18.0600,18.0500,18.0400,18.0300,18.0200,18.0700,18.0800,18.0900,18.1000,18.1100,21,149,153,311,565,14,202,269,1101,327
SH,601611,2017-01-06 09:54:11,18.0600,2,36112.0000,20,S,18.0600,18.0500,18.0400,18.0300,18.0200,18.0700,18.0800,18.0900,18.1000,18.1100,1,157,158,311,565,14,202,269,1101,327
SH,601611,2017-01-06 09:54:14,18.0500,14,279776.0000,155,S,18.0500,18.0400,18.0300,18.0200,18.0100,18.0700,18.0800,18.0900,18.1000,18.1100,4,149,311,560,438,64,202,269,1101,327
SH,601611,2017-01-06 09:54:17,18.0600,3,28896.0000,16,B,18.0500,18.0400,18.0300,18.0200,18.0100,18.0600,18.0700,18.0800,18.0900,18.1000,7,152,366,560,448,5,74,202,286,1101
SH,601611,2017-01-06 09:54:20,18.0600,9,149936.0000,83,B,18.0600,18.0500,18.0400,18.0300,18.0200,18.0700,18.0800,18.0900,18.1000,18.1100,35,71,204,366,548,59,233,288,1102,327
SH,601611,2017-01-06 09:54:23,18.0600,10,354016.0000,196,S,18.0600,18.0500,18.0400,18.0300,18.0200,18.0700,18.0800,18.0900,18.1000,18.1100,62,155,204,356,548,23,233,288,1102,317
SH,601611,2017-01-06 09:54:26,18.0600,9,95760.0000,53,S,18.0600,18.0500,18.0400,18.0300,18.0200,18.0700,18.0800,18.0900,18.1000,18.1100,168,160,209,356,548,5,223,288,852,317
SH,601611,2017-01-06 09:54:29,18.0800,12,459152.0000,254,B,18.0600,18.0500,18.0400,18.0300,18.0200,18.0800,18.0900,18.1000,18.1100,18.1200,143,250,209,366,548,68,288,852,317,228
SH,601611,2017-01-06 09:54:32,18.0700,7,61424.0000,34,S,18.0700,18.0600,18.0500,18.0400,18.0300,18.0800,18.0900,18.1000,18.1100,18.1200,14,153,349,209,372,58,288,852,312,223
SH,601611,2017-01-06 09:54:35,18.0700,9,299824.0000,166,S,18.0700,18.0600,18.0500,18.0400,18.0300,18.0800,18.0900,18.1000,18.1100,18.1200,1,16,364,206,372,57,288,852,312,223
SH,601611,2017-01-06 09:54:38,18.0900,16,368864.0000,204,B,18.0700,18.0600,18.0500,18.0400,18.0300,18.0800,18.0900,18.1000,18.1100,18.1200,37,21,364,220,372,8,187,844,307,248
SH,601611,2017-01-06 09:54:41,18.0900,8,269376.0000,149,B,18.0700,18.0600,18.0500,18.0400,18.0300,18.0900,18.1000,18.1100,18.1200,18.1300,54,21,376,220,375,157,844,307,248,149
SH,601611,2017-01-06 09:54:44,18.0900,7,227824.0000,126,B,18.0800,18.0700,18.0600,18.0500,18.0400,18.0900,18.1000,18.1100,18.1200,18.1300,410,230,46,376,220,154,845,307,248,149
SH,601611,2017-01-06 09:54:47,18.0800,1,18096.0000,10,S,18.0800,18.0700,18.0600,18.0500,18.0400,18.0900,18.1000,18.1100,18.1200,18.1300,401,240,235,366,230,158,834,307,248,149
SH,601611,2017-01-06 09:54:50,18.0700,18,1122560.0000,621,S,18.0700,18.0600,18.0500,18.0400,18.0300,18.0900,18.1000,18.1100,18.1200,18.1300,42,225,376,230,380,158,831,307,248,49
SH,601611,2017-01-06 09:54:53,18.0800,59,1409792.0000,779,B,18.0900,18.0700,18.0600,18.0500,18.0400,18.1000,18.1100,18.1200,18.1300,18.1400,5,47,373,356,230,203,307,248,49,412
SH,601611,2017-01-06 09:54:56,18.0900,13,244064.0000,135,S,18.0700,18.0600,18.0500,18.0400,18.0300,18.0900,18.1000,18.1100,18.1200,18.1300,5,368,374,230,380,18,193,307,248,49
SH,601611,2017-01-06 09:54:59,18.0800,12,193488.0000,107,S,18.0700,18.0600,18.0500,18.0400,18.0300,18.0800,18.0900,18.1000,18.1100,18.1200,12,368,374,230,370,23,56,193,307,248
SH,601611,2017-01-06 09:55:02,18.1000,16,714560.0000,395,B,18.0700,18.0600,18.0500,18.0400,18.0300,18.1000,18.1100,18.1200,18.1300,18.1400,2,368,372,265,370,125,237,248,49,412
SH,601611,2017-01-06 09:55:05,18.0900,7,41600.0000,23,S,18.0900,18.0800,18.0700,18.0600,18.0500,18.1000,18.1100,18.1200,18.1300,18.1400,86,3,30,275,389,125,237,248,49,412
SH,601611,2017-01-06 09:55:08,18.0900,6,57888.0000,32,S,18.0900,18.0800,18.0700,18.0600,18.0500,18.1000,18.1100,18.1200,18.1300,18.1400,89,10,36,279,392,144,237,245,49,712
SH,601611,2017-01-06 09:55:11,18.1000,11,184592.0000,102,B,18.0900,18.0800,18.0700,18.0600,18.0500,18.1000,18.1100,18.1200,18.1300,18.1400,59,116,94,279,397,77,237,245,49,712
SH,601611,2017-01-06 09:55:14,18.1000,19,215360.0000,119,B,18.0900,18.0800,18.0700,18.0600,18.0500,18.1000,18.1100,18.1200,18.1300,18.1400,48,117,337,279,397,158,237,245,49,712
SH,601611,2017-01-06 09:55:17,18.0800,16,351024.0000,194,S,18.0800,18.0700,18.0600,18.0500,18.0400,18.0900,18.1000,18.1100,18.1200,18.1300,104,364,279,398,255,26,80,237,245,74
SH,601611,2017-01-06 09:55:20,18.1000,12,148352.0000,82,B,18.0800,18.0700,18.0600,18.0500,18.0400,18.1000,18.1100,18.1200,18.1300,18.1400,131,386,289,458,255,57,242,282,74,712
SH,601611,2017-01-06 09:55:23,18.0900,3,30768.0000,17,S,18.0800,18.0700,18.0600,18.0500,18.0400,18.1000,18.1100,18.1200,18.1300,18.1400,171,386,289,458,255,47,242,282,74,712
SH,601611,2017-01-06 09:55:26,18.1000,12,428960.0000,237,B,18.0900,18.0800,18.0700,18.0600,18.0500,18.1000,18.1100,18.1200,18.1300,18.1400,25,171,360,295,458,70,218,282,74,712
SH,601611,2017-01-06 09:55:29,18.1000,21,503296.0000,278,B,18.1000,18.0900,18.0800,18.0700,18.0600,18.1100,18.1200,18.1300,18.1400,18.1500,187,100,174,380,295,92,282,74,712,1293
SH,601611,2017-01-06 09:55:32,18.1000,3,10864.0000,6,S,18.1000,18.0900,18.0800,18.0700,18.0600,18.1100,18.1200,18.1300,18.1400,18.1500,192,112,175,380,281,92,286,74,712,1293
SH,601611,2017-01-06 09:55:35,18.1000,5,106784.0000,59,S,18.1000,18.0900,18.0800,18.0700,18.0600,18.1100,18.1200,18.1300,18.1400,18.1500,161,119,175,380,281,90,284,80,712,1298
SH,601611,2017-01-06 09:55:38,18.1000,8,190064.0000,105,S,18.1000,18.0900,18.0800,18.0700,18.0600,18.1100,18.1200,18.1300,18.1400,18.1500,84,119,175,383,281,90,282,80,712,1298
SH,601611,2017-01-06 09:55:41,18.1100,14,268048.0000,148,B,18.1000,18.0900,18.0800,18.0700,18.0600,18.1100,18.1200,18.1300,18.1400,18.1500,106,109,175,383,281,4,282,80,712,1298
SH,601611,2017-01-06 09:55:44,18.1000,20,240720.0000,133,S,18.0900,18.0800,18.0700,18.0600,18.0500,18.1000,18.1100,18.1200,18.1300,18.1400,109,146,375,281,373,153,89,302,82,712
SH,601611,2017-01-06 09:55:47,18.1000,7,86880.0000,48,B,18.0900,18.0800,18.0700,18.0600,18.0500,18.1000,18.1100,18.1200,18.1300,18.1400,42,96,375,281,374,116,170,302,77,717
SH,601611,2017-01-06 09:55:50,18.1100,16,228080.0000,126,B,18.1000,18.0900,18.0800,18.0700,18.0600,18.1100,18.1200,18.1300,18.1400,18.1500,70,103,148,381,281,287,302,77,717,1320
SH,601611,2017-01-06 09:55:53,18.1000,27,667584.0000,369,S,18.0800,18.0700,18.0600,18.0500,18.0400,18.1000,18.1100,18.1200,18.1300,18.1400,41,381,281,379,355,35,283,305,79,720
SH,601611,2017-01-06 09:55:56,18.1000,4,258832.0000,143,B,18.0800,18.0700,18.0600,18.0500,18.0400,18.1000,18.1100,18.1200,18.1300,18.1400,41,381,281,384,352,62,287,305,80,716
SH,601611,2017-01-06 09:55:59,18.0900,7,135728.0000,75,S,18.0800,18.0700,18.0600,18.0500,18.0400,18.0900,18.1000,18.1100,18.1200,18.1300,46,381,286,384,352,115,34,305,305,78
SH,601611,2017-01-06 09:56:02,18.1100,18,385472.0000,213,B,18.0800,18.0700,18.0600,18.0500,18.0400,18.1100,18.1200,18.1300,18.1400,18.1500,71,381,286,384,352,244,305,78,716,1325
SH,601611,2017-01-06 09:56:05,18.1000,23,706224.0000,390,S,18.0800,18.0700,18.0600,18.0500,18.0400,18.1000,18.1200,18.1300,18.1400,18.1500,71,381,282,387,352,37,305,78,716,1325
SH,601611,2017-01-06 09:56:08,18.1000,9,61504.0000,34,B,18.0800,18.0700,18.0600,18.0500,18.0400,18.1000,18.1100,18.1200,18.1300,18.1400,199,381,382,387,352,50,10,305,78,716
SH,601611,2017-01-06 09:56:11,18.0800,16,876880.0000,485,S,18.0700,18.0600,18.0500,18.0400,18.0300,18.0800,18.1000,18.1100,18.1200,18.1300,381,392,387,352,359,45,53,15,305,78
SH,601611,2017-01-06 09:56:14,18.0800,19,385120.0000,213,B,18.0800,18.0700,18.0600,18.0500,18.0400,18.0900,18.1000,18.1100,18.1200,18.1300,22,319,392,387,352,10,5,30,315,78
SH,601611,2017-01-06 09:56:17,18.0800,2,43392.0000,24,S,18.0700,18.0600,18.0500,18.0400,18.0300,18.0800,18.0900,18.1000,18.1100,18.1200,319,392,387,352,354,69,10,29,45,317
SH,601611,2017-01-06 09:56:20,18.1000,14,227920.0000,126,B,18.1000,18.0900,18.0800,18.0700,18.0600,18.1100,18.1200,18.1300,18.1400,18.1500,23,78,10,319,392,48,336,221,728,1326
SH,601611,2017-01-06 09:56:23,18.1000,10,77824.0000,43,S,18.1000,18.0900,18.0800,18.0700,18.0600,18.1100,18.1200,18.1300,18.1400,18.1500,4,83,220,323,392,57,336,221,728,1326
SH,601611,2017-01-06 09:56:26,18.1000,3,12672.0000,7,S,18.0900,18.0800,18.0700,18.0600,18.0500,18.1000,18.1100,18.1200,18.1300,18.1400,83,220,327,392,388,16,99,336,221,728
SH,601611,2017-01-06 09:56:29,18.1100,8,412672.0000,228,B,18.0900,18.0800,18.0700,18.0600,18.0500,18.1100,18.1200,18.1300,18.1400,18.1500,73,220,327,373,388,105,336,221,728,1338
SH,601611,2017-01-06 09:56:32,18.0900,6,148384.0000,82,S,18.0900,18.0800,18.0700,18.0600,18.0500,18.1000,18.1100,18.1200,18.1300,18.1400,27,258,327,373,388,149,656,338,221,722
SH,601611,2017-01-06 09:56:35,18.0900,9,75968.0000,42,S,18.0800,18.0700,18.0600,18.0500,18.0400,18.0900,18.1000,18.1100,18.1200,18.1300,268,327,373,388,352,18,325,1064,338,221
SH,601611,2017-01-06 09:56:38,18.0900,5,39808.0000,22,B,18.0900,18.0800,18.0700,18.0600,18.0500,18.1000,18.1100,18.1200,18.1300,18.1400,8,286,327,373,388,325,1086,337,221,731
SH,601611,2017-01-06 09:56:41,18.0900,7,162880.0000,90,S,18.0900,18.0800,18.0700,18.0600,18.0500,18.1000,18.1100,18.1200,18.1300,18.1400,5,286,327,373,388,256,1106,248,231,732
SH,601611,2017-01-06 09:56:44,18.1000,12,170112.0000,94,B,18.0800,18.0700,18.0600,18.0500,18.0400,18.1000,18.1100,18.1200,18.1300,18.1400,296,327,373,378,352,205,1111,248,231,732
SH,601611,2017-01-06 09:56:47,18.0900,10,202688.0000,112,S,18.0800,18.0700,18.0600,18.0500,18.0400,18.0900,18.1000,18.1100,18.1200,18.1300,339,327,373,378,352,1,222,1091,253,111
SH,601611,2017-01-06 09:56:50,18.0900,7,128448.0000,71,B,18.0800,18.0700,18.0600,18.0500,18.0400,18.1000,18.1100,18.1200,18.1300,18.1400,339,427,373,398,352,262,1096,253,111,732
SH,601611,2017-01-06 09:56:53,18.0900,6,157392.0000,87,B,18.0900,18.0800,18.0700,18.0600,18.0500,18.1000,18.1100,18.1200,18.1300,18.1400,49,345,427,373,434,288,1096,253,111,729
SH,601611,2017-01-06 09:56:56,18.0800,13,139296.0000,77,S,18.0800,18.0700,18.0600,18.0500,18.0400,18.0900,18.1000,18.1100,18.1200,18.1300,344,427,373,434,352,149,321,1096,253,121
SH,601611,2017-01-06 09:56:59,18.0900,10,408832.0000,226,B,18.0800,18.0700,18.0600,18.0500,18.0400,18.0900,18.1000,18.1100,18.1200,18.1300,345,427,373,434,357,10,316,542,253,121
SH,601611,2017-01-06 09:57:02,18.0800,7,146512.0000,81,S,18.0800,18.0700,18.0600,18.0500,18.0400,18.0900,18.1000,18.1100,18.1200,18.1300,324,428,373,434,357,39,326,541,253,121
SH,601611,2017-01-06 09:57:05,18.0900,60,1757920.0000,971,B,18.0900,18.0800,18.0700,18.0600,18.0500,18.1100,18.1200,18.1300,18.1400,18.1500,24,290,438,373,434,3,253,121,729,1363
SH,601611,2017-01-06 09:57:08,18.0800,20,622016.0000,344,S,18.0700,18.0600,18.0500,18.0400,18.0300,18.0800,18.1100,18.1200,18.1300,18.1400,438,373,444,357,301,67,3,253,121,729
SH,601611,2017-01-06 09:57:11,18.0900,4,198912.0000,110,B,18.0700,18.0600,18.0500,18.0400,18.0300,18.0800,18.0900,18.1000,18.1100,18.1200,438,373,470,357,301,3,48,53,3,253
SH,601611,2017-01-06 09:57:14,18.0900,46,719040.0000,397,B,18.0800,18.0700,18.0600,18.0500,18.0400,18.0900,18.1100,18.1300,18.1400,18.1500,7,438,373,470,357,15,10,121,741,1365
SH,601611,2017-01-06 09:57:17,18.1000,8,101360.0000,56,B,18.0900,18.0800,18.0700,18.0600,18.0500,18.1000,18.1100,18.1300,18.1400,18.1500,8,17,438,373,470,76,15,122,741,1365
SH,601611,2017-01-06 09:57:20,18.0900,6,85056.0000,47,S,18.0800,18.0700,18.0600,18.0500,18.0400,18.0900,18.1000,18.1100,18.1300,18.1400,44,438,373,470,357,3,50,161,121,741
SH,601611,2017-01-06 09:57:23,18.0800,5,25312.0000,14,S,18.0800,18.0700,18.0600,18.0500,18.0400,18.1000,18.1100,18.1300,18.1400,18.1500,248,438,376,470,372,65,163,143,741,1365
SH,601611,2017-01-06 09:57:26,18.0900,8,493936.0000,273,B,18.0800,18.0700,18.0600,18.0500,18.0400,18.0900,18.1000,18.1100,18.1300,18.1400,262,448,376,470,394,59,6,196,138,741
SH,601611,2017-01-06 09:57:29,18.0900,9,106672.0000,59,B,18.0800,18.0700,18.0600,18.0500,18.0400,18.0900,18.1000,18.1100,18.1300,18.1400,237,448,376,470,394,46,36,196,158,741
SH,601611,2017-01-06 09:57:32,18.1000,17,503136.0000,278,B,18.0800,18.0700,18.0600,18.0500,18.0400,18.1000,18.1100,18.1300,18.1400,18.1500,239,448,376,470,404,23,196,160,745,1388
SH,601611,2017-01-06 09:57:35,18.0800,10,419744.0000,232,S,18.0900,18.0800,18.0700,18.0600,18.0500,18.1000,18.1100,18.1300,18.1400,18.1500,35,168,455,376,477,33,196,160,765,1391
SH,601611,2017-01-06 09:57:38,18.0900,10,92288.0000,51,S,18.0900,18.0800,18.0700,18.0600,18.0500,18.1000,18.1100,18.1300,18.1400,18.1500,46,178,455,376,481,30,196,160,765,1416
SH,601611,2017-01-06 09:57:41,18.0900,12,128448.0000,71,S,18.0900,18.0800,18.0700,18.0600,18.0500,18.1000,18.1100,18.1300,18.1400,18.1500,10,200,455,376,481,35,296,160,765,1440
SH,601611,2017-01-06 09:57:44,18.1000,2,9072.0000,5,B,18.0900,18.0800,18.0700,18.0600,18.0500,18.1000,18.1100,18.1300,18.1400,18.1500,10,200,445,376,481,73,300,162,765,1440
SH,601611,2017-01-06 09:57:47,18.0800,14,312992.0000,173,S,18.0800,18.0700,18.0600,18.0500,18.0400,18.1000,18.1100,18.1200,18.1300,18.1400,259,445,376,481,404,95,300,5,162,765
SH,601611,2017-01-06 09:57:50,18.1000,9,83232.0000,46,B,18.0800,18.0700,18.0600,18.0500,18.0400,18.0900,18.1000,18.1100,18.1200,18.1300,269,445,376,473,404,5,117,284,5,162
SH,601611,2017-01-06 09:57:53,18.1000,3,16272.0000,9,B,18.0900,18.0800,18.0700,18.0600,18.0500,18.1000,18.1100,18.1200,18.1300,18.1400,15,304,438,376,473,113,287,5,163,766
SH,601611,2017-01-06 09:57:56,18.1000,13,182800.0000,101,B,18.0800,18.0700,18.0600,18.0500,18.0400,18.1000,18.1100,18.1200,18.1300,18.1400,358,438,376,471,382,82,292,15,168,766
SH,601611,2017-01-06 09:57:59,18.0900,4,77776.0000,43,S,18.0900,18.0800,18.0700,18.0600,18.0500,18.1000,18.1100,18.1200,18.1300,18.1400,185,428,446,376,471,72,292,15,255,765
SH,601611,2017-01-06 09:58:02,18.1000,13,162896.0000,90,B,18.1000,18.0900,18.0800,18.0700,18.0600,18.1100,18.1200,18.1300,18.1400,18.1500,8,229,470,446,376,282,15,255,765,1474
SH,601611,2017-01-06 09:58:05,18.0900,4,79664.0000,44,S,18.0900,18.0800,18.0700,18.0600,18.0500,18.1000,18.1100,18.1200,18.1300,18.1400,298,470,446,376,471,52,255,15,255,770
SH,601611,2017-01-06 09:58:08,18.1000,9,318496.0000,176,B,18.0900,18.0800,18.0700,18.0600,18.0500,18.1000,18.1100,18.1200,18.1300,18.1400,275,510,446,376,481,7,255,25,255,768
SH,601611,2017-01-06 09:58:11,18.1000,4,76000.0000,42,B,18.0900,18.0800,18.0700,18.0600,18.0500,18.1000,18.1100,18.1200,18.1300,18.1400,245,517,446,376,477,2,255,25,255,792
SH,601611,2017-01-06 09:58:14,18.1000,104,3863072.0000,2137,B,18.0500,18.0400,18.0300,18.0200,18.0100,18.1000,18.1100,18.1200,18.1300,18.1400,334,368,284,543,429,212,194,27,197,792
SH,601611,2017-01-06 09:58:17,18.1000,22,807424.0000,446,B,18.1000,18.0900,18.0800,18.0500,18.0400,18.1100,18.1200,18.1300,18.1400,18.1500,132,100,3,334,368,11,65,197,792,1475
SH,601611,2017-01-06 09:58:20,18.1000,10,137584.0000,76,S,18.1000,18.0900,18.0800,18.0500,18.0400,18.1200,18.1300,18.1400,18.1500,18.1600,105,100,3,334,368,70,197,792,1470,185
