万得代码,交易所代码,自然日,订单时间,买卖方向,成交价格,订单数量,明细个数,订单明细,
000001.SZ,000001,20190102,91500000,65,103200,0,0,
000001.SZ,000001,20190102,91500000,66,103200,0,0,
000001.SZ,000001,20190102,91509000,65,93900,0,0,
000001.SZ,000001,20190102,91509000,66,93900,0,0,
000001.SZ,000001,20190102,92503000,65,94000,3,3,400,10000,3000,
000001.SZ,000001,20190102,92503000,66,93900,16,16,400,10000,3000,64400,200,100,1000,5000,1000,100,900,1400,200,100000,2000,2000,2000,2500,500,
000001.SZ,000001,20190102,93003000,65,94100,3,3,1000,1100,1500,
000001.SZ,000001,20190102,93003000,66,94000,23,23,1000,1100,1500,200,1000,2100,2900,500,2800,5000,500,100,4800,1000,9000,400,200,200,6300,2000,11800,74500,900,300,300,5000,
000001.SZ,000001,20190102,93006000,65,94200,6,6,5000,10000,1100,3000,1000,2000,
000001.SZ,000001,20190102,93006000,66,94000,31,31,5000,10000,1100,3000,1000,2000,3600,2000,11800,74500,900,300,300,5000,20000,3000,1000,400,13000,300,2900,500,1200,3400,2000,200,200,22200,500,8100,6100,1000,400,800,100,300,600,
000001.SZ,000001,20190102,93009000,65,94200,6,6,400,10000,1100,3000,1000,2000,
000001.SZ,000001,20190102,93009000,66,94100,1,1,400,10000,1100,3000,1000,2000,2300,
000001.SZ,000001,20190102,93012000,65,94200,6,6,300,10000,1100,3000,1000,2000,
000001.SZ,000001,20190102,93012000,66,94100,8,8,300,10000,1100,3000,1000,2000,1000,100,100,100,200,200,800,3000,
000001.SZ,000001,20190102,93015000,65,94100,2,2,4100,10200,
000001.SZ,000001,20190102,93015000,66,94000,36,36,4100,10200,6800,74500,900,300,300,5000,20000,3000,1000,400,13000,300,2900,500,1200,3400,2000,200,200,22200,500,8100,6100,1000,400,100,300,600,500,700,500,100,100,100,100,500,
000001.SZ,000001,20190102,93018000,65,94100,5,5,2100,10200,200,9300,1900,
000001.SZ,000001,20190102,93018000,66,94000,37,37,2100,10200,200,9300,1900,71400,900,300,300,5000,20000,3000,1000,400,13000,300,2900,500,1200,3400,2000,200,200,22200,500,8100,6100,1000,400,100,300,600,500,700,500,100,100,100,100,500,2000,3000,
000001.SZ,000001,20190102,93021000,65,94100,2,2,7900,1900,
000001.SZ,000001,20190102,93021000,66,94000,39,39,7900,1900,69800,900,300,300,5000,20000,3000,1000,400,13000,300,2900,500,1200,3400,2000,200,200,22200,500,8100,6100,1000,400,100,300,600,500,700,500,100,100,100,100,500,2000,3000,300,25300,
000001.SZ,000001,20190102,93024000,65,94000,1,1,82900,
000001.SZ,000001,20190102,93024000,66,93900,66,50,82900,3700,200,100,1000,5000,1000,100,900,1400,100000,2000,2000,2000,2500,500,600,1000,1300,100,3100,5000,200,4000,3200,3200,2000,2000,2000,6400,400,100,100,1100,500,1000,2800,200,800,3400,2400,500,2500,2600,200,500,1000,600,3300,2000,700,
000001.SZ,000001,20190102,93027000,65,94000,4,4,78200,100,12900,1100,
000001.SZ,000001,20190102,93027000,66,93900,59,50,78200,100,12900,1100,600,100000,2000,2000,2000,2500,500,600,1000,1300,100,3100,5000,200,4000,3200,3200,2000,2000,2000,6400,400,100,100,1100,500,1000,2800,200,800,3400,2400,500,2500,2600,200,500,1000,600,3300,2000,700,1000,39000,1700,1000,1000,100,1000,1000,
000001.SZ,000001,20190102,93030000,65,94000,4,4,76700,12900,1100,2303,
000001.SZ,000001,20190102,93030000,66,93900,59,50,76700,12900,1100,2303,87000,2000,2000,2000,2500,500,600,1000,1300,100,3100,5000,200,4000,3200,3200,2000,2000,2000,6400,400,100,100,1100,500,1000,2800,200,800,3400,2400,500,2500,2600,200,500,1000,600,3300,2000,700,1000,39000,1700,1000,1000,100,1000,1000,2900,
000001.SZ,000001,20190102,93033000,65,94000,6,6,71400,12900,1100,2303,8300,100,
000001.SZ,000001,20190102,93033000,66,93900,60,50,71400,12900,1100,2303,8300,100,13600,2000,2000,2000,2500,500,600,1000,1300,100,3100,5000,200,4000,3200,3200,2000,2000,2000,6400,400,100,100,1100,500,1000,2800,200,800,3400,2400,500,2500,2600,200,500,1000,600,3300,2000,700,1000,39000,1700,1000,1000,100,1000,1000,2900,
000001.SZ,000001,20190102,93036000,65,94000,6,6,71400,12900,1100,2303,8300,100,
000001.SZ,000001,20190102,93036000,66,93900,62,50,71400,12900,1100,2303,8300,100,11100,2000,2000,2000,2500,500,600,1000,1300,100,3100,5000,200,4000,3200,3200,2000,2000,2000,6400,400,100,100,1100,500,1000,2800,200,800,3400,2400,500,2500,2600,200,500,1000,600,3300,2000,700,1000,39000,1700,1000,1000,100,1000,1000,2900,
000001.SZ,000001,20190102,93039000,65,94000,8,8,70100,12900,1100,2303,8300,100,400,1100,
000001.SZ,000001,20190102,93039000,66,93900,54,50,70100,12900,1100,2303,8300,100,400,1100,2200,5000,200,4000,3200,3200,2000,2000,2000,6400,400,100,100,1100,500,1000,2800,200,800,3400,2400,500,2500,2600,200,500,1000,600,3300,2000,700,1000,39000,1700,1000,1000,100,1000,1000,2900,2200,10000,600,1000,200,3000,2800,700,800,1000,
000001.SZ,000001,20190102,93042000,65,94000,9,9,31000,12900,1100,2303,8300,100,400,1100,2000,
000001.SZ,000001,20190102,93042000,66,93900,54,50,31000,12900,1100,2303,8300,100,400,1100,2000,4900,200,4000,3200,3200,2000,2000,2000,6400,400,100,100,1100,500,1000,2800,200,800,3400,2400,500,2500,2600,200,500,1000,600,3300,2000,700,1000,39000,1700,1000,1000,100,1000,1000,2900,2200,10000,600,1000,200,3000,2800,700,800,1000,1000,
000001.SZ,000001,20190102,93045000,65,94000,10,10,23700,12900,1100,2303,100,400,1100,2000,1000,12000,
000001.SZ,000001,20190102,93045000,66,93900,24,24,23700,12900,1100,2303,100,400,1100,2000,1000,12000,31800,1700,1000,1000,100,1000,1000,2900,2200,10000,600,1000,200,3000,2800,700,800,1000,1000,200,300,500,1000,1000,
000001.SZ,000001,20190102,93048000,65,94000,11,11,11600,12900,1100,2303,100,400,1100,2000,1000,12000,6700,
000001.SZ,000001,20190102,93048000,66,93900,26,26,11600,12900,1100,2303,100,400,1100,2000,1000,12000,6700,31600,1700,1000,1000,100,1000,1000,2900,2200,10000,600,1000,200,3000,2800,700,800,1000,1000,200,300,500,1000,1000,1000,1000,
000001.SZ,000001,20190102,93051000,65,94000,12,12,11600,12900,1100,2303,100,400,1100,2000,1000,12000,6700,1100,
000001.SZ,000001,20190102,93051000,66,93900,28,28,11600,12900,1100,2303,100,400,1100,2000,1000,12000,6700,1100,30600,1700,1000,1000,100,1000,1000,2900,2200,10000,600,1000,200,3000,2800,700,800,1000,1000,200,300,500,1000,1000,1000,1000,2000,1000,
000001.SZ,000001,20190102,93054000,65,94000,13,13,3300,12900,1100,2303,100,400,1100,2000,1000,12000,6700,1100,1400,
000001.SZ,000001,20190102,93054000,66,93900,28,28,3300,12900,1100,2303,100,400,1100,2000,1000,12000,6700,1100,1400,10900,1700,1000,1000,100,1000,1000,2900,2200,10000,600,1000,200,3000,2800,700,800,1000,1000,200,300,500,1000,1000,1000,1000,2000,1000,
000001.SZ,000001,20190102,93057000,65,94000,12,12,1700,1100,2303,100,400,1100,2000,1000,12000,6700,1100,1400,
000001.SZ,000001,20190102,93057000,66,93900,30,30,1700,1100,2303,100,400,1100,2000,1000,12000,6700,1100,1400,5800,1700,1000,1000,100,1000,1000,2900,2200,10000,600,1000,200,3000,2800,700,800,1000,1000,200,300,500,1000,1000,1000,1000,2000,1000,800,200,
000001.SZ,000001,20190102,93100000,65,94000,5,5,11503,6700,1100,1400,500,
000001.SZ,000001,20190102,93100000,66,93900,22,22,11503,6700,1100,1400,500,2703,2200,10000,600,1000,200,3000,2800,700,800,1000,1000,200,300,1000,1000,1000,1000,2000,1000,800,200,
000001.SZ,000001,20190102,93103000,65,94000,5,5,11303,6700,1100,1400,500,
000001.SZ,000001,20190102,93103000,66,93900,24,24,11303,6700,1100,1400,500,2503,2200,10000,600,1000,200,3000,2800,700,800,1000,1000,300,1000,1000,1000,1000,2000,1000,800,200,1400,500,800,
000001.SZ,000001,20190102,93106000,65,94000,6,6,11303,6700,1100,1400,500,10700,
000001.SZ,000001,20190102,93106000,66,93900,25,25,11303,6700,1100,1400,500,10700,2503,2200,10000,600,1000,200,3000,2800,700,800,1000,1000,300,1000,1000,1000,1000,2000,1000,800,200,1400,500,800,5300,
000001.SZ,000001,20190102,93109000,65,94000,7,7,2203,6700,1100,1400,500,10700,15000,
000001.SZ,000001,20190102,93109000,66,93900,26,26,2203,6700,1100,1400,500,10700,15000,2503,600,1000,200,3000,2800,700,800,1000,1000,300,1000,1000,1000,1000,2000,1000,800,200,1400,500,800,5300,300,1100,1400,
000001.SZ,000001,20190102,93112000,65,94000,1,1,2803,
000001.SZ,000001,20190102,93112000,66,93900,11,11,2803,903,800,200,1400,500,800,5300,300,1100,1400,900,
000001.SZ,000001,20190102,93115000,65,94000,2,2,803,2000,
000001.SZ,000001,20190102,93115000,66,93900,4,4,803,2000,503,900,100,5000,
000001.SZ,000001,20190102,93118000,65,93900,1,1,2000,
000001.SZ,000001,20190102,93118000,66,93800,44,44,2000,1400,5000,1000,2500,1000,100,200,100,300,1000,3800,500,2000,100,100,100,200,300,800,300,1100,100,4800,26300,3000,500,500,1000,10000,5000,3000,2000,500,200,200,1000,1100,400,2000,1000,1000,500,2000,2600,
000001.SZ,000001,20190102,93121000,65,94000,2,2,1000,500,
000001.SZ,000001,20190102,93121000,66,93900,2,2,1000,500,1000,1700,
000001.SZ,000001,20190102,93124000,65,94100,8,8,7900,1100,5000,5600,1100,600,800,800,
000001.SZ,000001,20190102,93124000,66,94000,1,1,7900,1100,5000,5600,1100,600,800,800,1800,
000001.SZ,000001,20190102,93127000,65,94000,5,5,1800,200,100,200,1800,
000001.SZ,000001,20190102,93127000,66,93900,2,2,1800,200,100,200,1800,400,1000,
000001.SZ,000001,20190102,93130000,65,94000,4,4,1700,1000,200,25000,
000001.SZ,000001,20190102,93130000,66,93800,24,24,1700,1000,200,25000,500,100,4800,26300,3000,500,500,1000,10000,5000,3000,2000,500,200,200,1000,1100,400,2000,1000,1000,500,2000,2600,
000001.SZ,000001,20190102,93133000,65,94000,7,7,500,200,25000,3000,700,1100,4000,
000001.SZ,000001,20190102,93133000,66,93800,23,23,500,200,25000,3000,700,1100,4000,22700,3000,500,500,1000,10000,5000,3000,2000,500,200,200,1000,1100,400,2000,1000,1000,500,2000,2600,1200,1800,
000001.SZ,000001,20190102,93136000,65,94000,9,9,500,200,25000,3000,700,1100,4000,900,1400,
000001.SZ,000001,20190102,93136000,66,93800,23,23,500,200,25000,3000,700,1100,4000,900,1400,22400,3000,500,500,1000,10000,5000,3000,2000,500,200,200,1000,1100,400,2000,1000,1000,500,2000,2600,1200,1800,
000001.SZ,000001,20190102,93139000,65,93900,1,1,3600,
000001.SZ,000001,20190102,93139000,66,93800,29,29,3600,22300,3000,500,500,1000,10000,5000,3000,2000,500,200,200,1000,1100,400,2000,1000,1000,500,2000,2600,1200,1800,100,3100,2000,500,500,1000,
000001.SZ,000001,20190102,93142000,65,93900,4,4,3600,1800,4000,17200,
000001.SZ,000001,20190102,93142000,66,93800,31,31,3600,1800,4000,17200,13000,3000,500,500,1000,10000,5000,3000,2000,500,200,200,1000,1100,400,2000,1000,1000,500,2000,2600,1200,1800,100,3100,2000,500,500,1000,1100,100,
000001.SZ,000001,20190102,93145000,65,93900,4,4,3500,1800,4000,17200,
000001.SZ,000001,20190102,93145000,66,93800,30,30,3500,1800,4000,17200,400,1000,10000,5000,3000,2000,500,200,200,1000,1100,400,2000,1000,1000,500,2000,2600,1200,1800,100,3100,2000,500,500,1000,1100,100,100,1000,
000001.SZ,000001,20190102,93148000,65,94000,12,12,500,1100,4000,900,1400,1000,5500,800,1700,3000,5000,5600,
000001.SZ,000001,20190102,93148000,66,93800,31,31,500,1100,4000,900,1400,1000,5500,800,1700,3000,5000,5600,300,5000,3000,2000,500,200,200,1000,1100,400,2000,1000,1000,500,2000,2600,1200,1800,100,3100,2000,500,500,1000,1100,100,100,1000,5000,2600,500,
000001.SZ,000001,20190102,93151000,65,93900,1,1,50300,
000001.SZ,000001,20190102,93151000,66,93800,31,31,50300,2800,3000,2000,500,200,200,1000,1100,400,2000,1000,1000,500,2000,2600,1200,1800,100,3100,2000,500,500,1000,1100,100,100,1000,5000,2600,500,1000,
000001.SZ,000001,20190102,93154000,65,93900,2,2,50300,9700,
000001.SZ,000001,20190102,93154000,66,93800,31,31,50300,9700,1500,2000,500,200,200,1000,1100,400,2000,1000,1000,500,2000,2600,1200,1800,100,3100,2000,500,500,1000,1100,100,100,1000,5000,2600,500,1000,100,
000001.SZ,000001,20190102,93157000,65,93900,2,2,49000,9700,
000001.SZ,000001,20190102,93157000,66,93800,27,27,49000,9700,600,1100,400,2000,1000,1000,500,2000,2600,1200,1800,100,3100,2000,500,500,1000,1100,100,100,1000,5000,2600,500,1000,100,2200,
000001.SZ,000001,20190102,93200000,65,93900,3,3,49000,9700,3000,
000001.SZ,000001,20190102,93200000,66,93800,27,27,49000,9700,3000,600,1100,400,2000,1000,1000,500,2000,2600,1200,1800,100,3100,2000,500,500,1000,1100,100,100,1000,5000,2600,500,1000,100,2200,
000001.SZ,000001,20190102,93203000,65,93900,4,4,34100,9700,3000,500,
000001.SZ,000001,20190102,93203000,66,93800,26,26,34100,9700,3000,500,1700,1000,1000,500,2000,2600,1200,1800,100,3100,2000,500,500,1000,1100,100,100,1000,5000,2600,500,1000,100,2200,13700,400,
000001.SZ,000001,20190102,93206000,65,93900,5,5,27600,9700,3000,500,1000,
000001.SZ,000001,20190102,93206000,66,93800,14,14,27600,9700,3000,500,1000,400,1000,1100,100,100,1000,5000,2600,500,1000,100,2200,13700,400,
000001.SZ,000001,20190102,93209000,65,93900,5,5,27600,9700,3000,500,1000,
000001.SZ,000001,20190102,93209000,66,93800,15,15,27600,9700,3000,500,1000,400,1000,1100,100,100,1000,5000,2600,500,1000,100,2200,13700,400,600,
000001.SZ,000001,20190102,93212000,65,93900,5,5,27600,9700,3000,500,1000,
000001.SZ,000001,20190102,93212000,66,93800,15,15,27600,9700,3000,500,1000,200,100,100,1000,5000,2600,500,1000,100,2200,13700,400,600,2100,100000,
000001.SZ,000001,20190102,93215000,65,93900,5,5,27600,9700,3000,500,1000,
000001.SZ,000001,20190102,93215000,66,93800,11,11,27600,9700,3000,500,1000,1000,2600,500,1000,100,2200,13700,400,600,2100,100000,
000001.SZ,000001,20190102,93218000,65,93900,6,6,27600,9700,3000,500,1000,6000,
000001.SZ,000001,20190102,93218000,66,93800,8,8,27600,9700,3000,500,1000,6000,13300,400,600,2100,100000,100,600,100,
000001.SZ,000001,20190102,93221000,65,93900,7,7,27600,9700,3000,500,1000,6000,700,
000001.SZ,000001,20190102,93221000,66,93800,4,4,27600,9700,3000,500,1000,6000,700,94100,100,600,100,
000001.SZ,000001,20190102,93224000,65,93900,8,8,26600,9700,3000,500,1000,6000,700,200,
000001.SZ,000001,20190102,93224000,66,93800,5,5,26600,9700,3000,500,1000,6000,700,200,94100,100,600,100,500,
000001.SZ,000001,20190102,93227000,65,93900,8,8,26600,9700,3000,500,1000,6000,700,200,
000001.SZ,000001,20190102,93227000,66,93800,6,6,26600,9700,3000,500,1000,6000,700,200,93400,100,600,100,500,7900,
000001.SZ,000001,20190102,93230000,65,93900,8,8,25800,9700,3000,500,1000,6000,700,200,
000001.SZ,000001,20190102,93230000,66,93800,6,6,25800,9700,3000,500,1000,6000,700,200,86400,100,600,100,500,7900,
000001.SZ,000001,20190102,93233000,65,93900,8,8,23700,9700,3000,500,1000,6000,700,200,
000001.SZ,000001,20190102,93233000,66,93800,6,6,23700,9700,3000,500,1000,6000,700,200,86400,100,600,100,500,7900,
000001.SZ,000001,20190102,93236000,65,93900,9,9,9800,9700,3000,500,1000,6000,700,200,5000,
000001.SZ,000001,20190102,93236000,66,93800,9,9,9800,9700,3000,500,1000,6000,700,200,5000,75400,100,600,100,500,7900,3200,1300,1000,
000001.SZ,000001,20190102,93239000,65,93900,9,9,9700,9700,3000,500,1000,6000,700,200,5000,
000001.SZ,000001,20190102,93239000,66,93800,12,12,9700,9700,3000,500,1000,6000,700,200,5000,71800,100,600,100,500,7900,3200,1300,1000,200,500,100,
000001.SZ,000001,20190102,93242000,65,93900,7,7,2400,500,1000,6000,700,200,5000,
000001.SZ,000001,20190102,93242000,66,93800,12,12,2400,500,1000,6000,700,200,5000,71800,100,600,100,500,7900,3200,1300,1000,200,500,100,
000001.SZ,000001,20190102,93245000,65,93900,9,9,500,1000,6000,700,200,5000,2000,8700,2700,
000001.SZ,000001,20190102,93245000,66,93800,13,13,500,1000,6000,700,200,5000,2000,8700,2700,70100,100,600,100,500,7900,3200,1300,1000,200,500,100,200,
000001.SZ,000001,20190102,93248000,65,93900,7,7,6000,700,200,5000,2000,8700,2700,
000001.SZ,000001,20190102,93248000,66,93800,13,13,6000,700,200,5000,2000,8700,2700,60600,600,100,500,7900,3200,1300,1000,200,500,100,200,800,
000001.SZ,000001,20190102,93251000,65,93900,8,8,5900,700,200,5000,2000,8700,2700,200,
000001.SZ,000001,20190102,93251000,66,93800,16,16,5900,700,200,5000,2000,8700,2700,200,60600,600,100,500,7900,3200,1300,1000,200,500,100,200,800,100,500,1000,
000001.SZ,000001,20190102,93254000,65,93900,8,8,4300,700,200,5000,2000,8700,2700,200,
000001.SZ,000001,20190102,93254000,66,93800,16,16,4300,700,200,5000,2000,8700,2700,200,50300,600,100,500,7900,3200,1300,1000,200,500,100,200,800,100,500,1000,
000001.SZ,000001,20190102,93257000,65,93900,8,8,3800,700,200,5000,2000,8700,2700,200,
000001.SZ,000001,20190102,93257000,66,93800,17,17,3800,700,200,5000,2000,8700,2700,200,48400,600,100,500,7900,3200,1300,1000,200,500,100,200,800,100,500,1000,400,
000001.SZ,000001,20190102,93300000,65,93900,8,8,2700,2000,8700,2700,200,800,3000,2200,
000001.SZ,000001,20190102,93300000,66,93800,19,19,2700,2000,8700,2700,200,800,3000,2200,48200,600,100,500,7900,3200,1300,1000,200,500,100,200,800,100,500,1000,400,10000,500,
000001.SZ,000001,20190102,93303000,65,93900,10,10,2400,2000,8700,2700,200,800,3000,2200,3000,20000,
000001.SZ,000001,20190102,93303000,66,93800,21,21,2400,2000,8700,2700,200,800,3000,2200,3000,20000,43900,600,100,500,7900,3200,1300,1000,200,500,100,200,800,100,500,1000,400,10000,500,3700,2000,
000001.SZ,000001,20190102,93306000,65,93900,12,12,1900,2000,8700,2700,200,800,3000,2200,3000,20000,1200,8200,
000001.SZ,000001,20190102,93306000,66,93800,21,21,1900,2000,8700,2700,200,800,3000,2200,3000,20000,1200,8200,43900,600,100,500,7900,3200,1300,1000,200,500,100,200,800,100,500,1000,400,10000,500,3700,2000,
000001.SZ,000001,20190102,93309000,65,93900,13,13,2000,8700,2700,200,800,3000,2200,3000,20000,1200,8200,500,3000,
000001.SZ,000001,20190102,93309000,66,93800,21,21,2000,8700,2700,200,800,3000,2200,3000,20000,1200,8200,500,3000,39800,600,100,500,7900,3200,1300,1000,200,500,100,200,800,100,500,1000,400,10000,500,3700,2000,
000001.SZ,000001,20190102,93312000,65,93900,13,13,400,2700,200,800,3000,2200,3000,20000,1200,8200,500,3000,8500,
000001.SZ,000001,20190102,93312000,66,93800,21,21,400,2700,200,800,3000,2200,3000,20000,1200,8200,500,3000,8500,37700,600,100,500,7900,3200,1300,1000,200,500,100,200,800,100,500,1000,400,10000,500,3700,2000,
000001.SZ,000001,20190102,93315000,65,93900,7,7,1500,20000,1200,8200,500,3000,8500,
000001.SZ,000001,20190102,93315000,66,93800,23,23,1500,20000,1200,8200,500,3000,8500,36700,600,100,500,7900,3200,1300,1000,200,500,100,200,800,100,500,1000,400,10000,500,3700,2000,10000,2000,
000001.SZ,000001,20190102,93318000,65,93900,8,8,16200,1200,8200,500,3000,8500,7800,900,
000001.SZ,000001,20190102,93318000,66,93800,24,24,16200,1200,8200,500,3000,8500,7800,900,34700,600,100,500,7900,3200,1300,1000,200,500,100,200,800,100,500,1000,400,10000,500,3700,2000,10000,2000,1000,
000001.SZ,000001,20190102,93321000,65,93900,8,8,16200,1200,8200,500,3000,8500,7800,900,
000001.SZ,000001,20190102,93321000,66,93800,25,25,16200,1200,8200,500,3000,8500,7800,900,32100,600,100,7900,3200,1300,1000,200,500,100,200,800,500,1000,400,10000,500,3700,2000,10000,2000,1000,2800,300,600,
000001.SZ,000001,20190102,93324000,65,93900,8,8,15200,1200,8200,500,3000,8500,7800,900,
000001.SZ,000001,20190102,93324000,66,93800,28,28,15200,1200,8200,500,3000,8500,7800,900,31300,600,100,7900,3200,1300,1000,200,500,100,200,800,500,1000,400,10000,500,3700,2000,10000,2000,1000,2800,300,600,200,700,1000,
000001.SZ,000001,20190102,93327000,65,93900,9,9,15200,1200,8200,500,3000,8500,7800,900,200,
000001.SZ,000001,20190102,93327000,66,93800,28,28,15200,1200,8200,500,3000,8500,7800,900,200,22000,600,100,7900,3200,1300,1000,200,500,100,200,800,500,1000,400,10000,500,3700,2000,10000,2000,1000,2800,300,600,200,700,1000,
000001.SZ,000001,20190102,93330000,65,93900,10,10,14700,1200,8200,500,3000,8500,7800,900,200,1000,
000001.SZ,000001,20190102,93330000,66,93800,27,27,14700,1200,8200,500,3000,8500,7800,900,200,1000,4600,600,100,7900,3200,1300,1000,200,500,100,200,800,500,1000,400,10000,500,2000,10000,2000,1000,2800,300,600,200,700,1000,
000001.SZ,000001,20190102,93333000,65,93900,10,10,13800,1200,8200,500,3000,8500,7800,900,200,1000,
000001.SZ,000001,20190102,93333000,66,93800,13,13,13800,1200,8200,500,3000,8500,7800,900,200,1000,6000,500,2000,10000,2000,1000,2800,300,600,200,700,1000,10000,
000001.SZ,000001,20190102,93336000,65,93800,15,15,7800,200,400,500,300,900,6000,1000,1100,1200,1000,400,400,200,500,
000001.SZ,000001,20190102,93336000,66,93700,22,22,7800,200,400,500,300,900,6000,1000,1100,1200,1000,400,400,200,500,200,200,10900,500,40800,1000,4000,1000,5000,500,3000,1000,200,5000,1900,200,10000,10000,300,1000,1600,1000,
000001.SZ,000001,20190102,93339000,65,93700,4,4,21800,1500,1700,5400,
000001.SZ,000001,20190102,93339000,66,93600,27,27,21800,1500,1700,5400,700,1000,100,20000,10000,5000,20000,6900,500,1000,1000,150000,1500,2400,10000,200,500,1000,200,5000,10000,500,5000,1000,3000,1400,200,
000001.SZ,000001,20190102,93342000,65,93700,8,8,15900,1500,1700,5400,1600,1100,600,2100,
000001.SZ,000001,20190102,93342000,66,93600,17,17,15900,1500,1700,5400,1600,1100,600,2100,117200,1500,2400,10000,200,500,1000,200,5000,10000,500,5000,1000,3000,1400,200,12200,
000001.SZ,000001,20190102,93345000,65,93700,8,8,15100,1500,1700,5400,1600,1100,600,2100,
000001.SZ,000001,20190102,93345000,66,93600,17,17,15100,1500,1700,5400,1600,1100,600,2100,62700,1500,2400,10000,200,500,1000,200,5000,10000,500,5000,1000,3000,1400,200,12200,
000001.SZ,000001,20190102,93348000,65,93500,1,1,376600,
000001.SZ,000001,20190102,93348000,66,93400,14,14,376600,600,1000,1000,3000,16600,2900,10000,5600,3000,1000,2200,100,3300,5000,
000001.SZ,000001,20190102,93351000,65,93500,2,2,314900,24200,
000001.SZ,000001,20190102,93351000,66,93300,9,9,314900,24200,1600,5000,1000,5600,10000,400,5400,1000,500,
000001.SZ,000001,20190102,93354000,65,93400,1,1,700,
000001.SZ,000001,20190102,93354000,66,93300,8,8,700,2000,1000,5600,10000,400,5400,1000,500,
000001.SZ,000001,20190102,93357000,65,93500,2,2,313500,24200,
000001.SZ,000001,20190102,93357000,66,93400,1,1,313500,24200,5000,
000001.SZ,000001,20190102,93400000,65,93400,3,3,2000,400,400,
000001.SZ,000001,20190102,93400000,66,93300,7,7,2000,400,400,6700,400,5400,1000,500,100,500,
000001.SZ,000001,20190102,93403000,65,93400,1,1,1600,
000001.SZ,000001,20190102,93403000,66,93300,8,8,1600,4600,1000,500,100,500,1100,70000,1000,
000001.SZ,000001,20190102,93406000,65,93400,1,1,1200,
000001.SZ,000001,20190102,93406000,66,93300,7,7,1200,300,1100,70000,1000,1000,1000,100,
000001.SZ,000001,20190102,93409000,65,93600,1,1,600,
000001.SZ,000001,20190102,93409000,66,93500,1,1,600,200,
000001.SZ,000001,20190102,93412000,65,93600,2,2,600,100,
000001.SZ,000001,20190102,93412000,66,93500,1,1,600,100,500,
000001.SZ,000001,20190102,93415000,65,93700,4,4,12800,1700,1600,1000,
000001.SZ,000001,20190102,93415000,66,93500,2,2,12800,1700,1600,1000,500,3000,
000001.SZ,000001,20190102,93418000,65,93700,4,4,12800,1700,1600,1000,
000001.SZ,000001,20190102,93418000,66,93600,1,1,12800,1700,1600,1000,42900,
000001.SZ,000001,20190102,93421000,65,93700,4,4,12800,1700,1600,1000,
000001.SZ,000001,20190102,93421000,66,93600,2,2,12800,1700,1600,1000,26400,2000,
000001.SZ,000001,20190102,93424000,65,93600,1,1,2200,
000001.SZ,000001,20190102,93424000,66,93500,1,1,2200,4600,
000001.SZ,000001,20190102,93427000,65,93700,6,6,11200,1700,1600,1000,2500,100,
000001.SZ,000001,20190102,93427000,66,93500,2,2,11200,1700,1600,1000,2500,100,2200,2000,
000001.SZ,000001,20190102,93430000,65,93800,8,8,6000,1600,5300,20000,1000,1000,5600,4800,
000001.SZ,000001,20190102,93430000,66,93400,15,15,6000,1600,5300,20000,1000,1000,5600,4800,5300,5000,6200,1400,100,1000,3000,23000,400,1000,3000,10000,10000,800,1800,
000001.SZ,000001,20190102,93433000,65,93700,1,1,1000,
000001.SZ,000001,20190102,93433000,66,93600,1,1,1000,500,
000001.SZ,000001,20190102,93436000,65,93700,1,1,1000,
000001.SZ,000001,20190102,93436000,66,93600,1,1,1000,400,
000001.SZ,000001,20190102,93439000,65,93600,1,1,4700,
000001.SZ,000001,20190102,93439000,66,93500,3,3,4700,100,10000,600,
000001.SZ,000001,20190102,93442000,65,93600,2,2,3900,200,
000001.SZ,000001,20190102,93442000,66,93500,3,3,3900,200,8000,600,800,
000001.SZ,000001,20190102,93445000,65,93700,3,3,1000,3700,20000,
000001.SZ,000001,20190102,93445000,66,93600,1,1,1000,3700,20000,43000,
000001.SZ,000001,20190102,93448000,65,93700,4,4,600,3700,20000,20000,
000001.SZ,000001,20190102,93448000,66,93600,3,3,600,3700,20000,20000,30400,9900,800,
000001.SZ,000001,20190102,93451000,65,93700,5,5,600,3700,20000,20000,3000,
000001.SZ,000001,20190102,93451000,66,93600,2,2,600,3700,20000,20000,3000,17600,800,
000001.SZ,000001,20190102,93454000,65,93700,6,6,300,3700,20000,20000,3000,10000,
000001.SZ,000001,20190102,93454000,66,93500,5,5,300,3700,20000,20000,3000,10000,700,1000,1200,10300,17500,
000001.SZ,000001,20190102,93457000,65,93600,1,1,2800,
000001.SZ,000001,20190102,93457000,66,93500,2,2,2800,4500,17500,
000001.SZ,000001,20190102,93500000,65,93600,3,3,2800,5000,5200,
000001.SZ,000001,20190102,93500000,66,93500,1,1,2800,5000,5200,12300,
000001.SZ,000001,20190102,93503000,65,93600,3,3,2600,5000,11200,
000001.SZ,000001,20190102,93503000,66,93400,27,27,2600,5000,11200,3800,6200,1400,100,1000,3000,23000,1000,3000,10000,10000,800,1800,100,3000,100,1800,2000,2400,300,500,1000,600,500,1500,2800,3000,
000001.SZ,000001,20190102,93506000,65,93500,1,1,9100,
000001.SZ,000001,20190102,93506000,66,93400,27,27,9100,3800,6200,1400,100,1000,3000,23000,1000,3000,10000,10000,800,1800,100,3000,100,1800,2000,2400,500,1000,600,500,1500,2800,3000,1200,
000001.SZ,000001,20190102,93509000,65,93500,1,1,4100,
000001.SZ,000001,20190102,93509000,66,93400,27,27,4100,1800,1400,100,1000,3000,23000,1000,3000,10000,10000,800,1800,100,3000,100,1800,2000,2400,500,1000,600,500,1500,2800,3000,1200,50000,
000001.SZ,000001,20190102,93512000,65,93600,9,9,2200,5000,11200,1300,5000,200,10000,1000,500,
000001.SZ,000001,20190102,93512000,66,93400,22,22,2200,5000,11200,1300,5000,200,10000,1000,500,13900,1000,3000,10000,10000,1800,100,3000,100,1800,2000,2400,500,1000,600,500,1500,2800,3000,1200,50000,300,
000001.SZ,000001,20190102,93515000,65,93600,9,9,2200,5000,11200,1300,5000,200,10000,1000,500,
000001.SZ,000001,20190102,93515000,66,93400,23,23,2200,5000,11200,1300,5000,200,10000,1000,500,11400,1000,3000,10000,10000,1800,100,3000,100,1800,2000,2400,500,1000,600,500,1500,2800,3000,1200,50000,300,300,
000001.SZ,000001,20190102,93518000,65,93500,1,1,3900,
000001.SZ,000001,20190102,93518000,66,93400,24,24,3900,9800,1000,3000,10000,10000,1800,100,3000,100,1800,2000,2400,500,1000,600,500,1500,2800,3000,1200,50000,300,300,500,
000001.SZ,000001,20190102,93521000,65,93500,1,1,3200,
000001.SZ,000001,20190102,93521000,66,93400,25,25,3200,9000,1000,3000,10000,10000,1800,100,3000,100,1800,2000,2400,500,1000,600,500,1500,2800,3000,1200,50000,300,300,500,1000,
000001.SZ,000001,20190102,93524000,65,93500,1,1,1900,
000001.SZ,000001,20190102,93524000,66,93400,23,23,1900,600,10000,10000,1800,100,3000,100,1800,2000,2400,500,1000,600,500,1500,2800,3000,1200,50000,300,300,500,1000,
000001.SZ,000001,20190102,93527000,65,93500,1,1,600,
000001.SZ,000001,20190102,93527000,66,93400,26,26,600,4100,10000,1800,100,3000,100,1800,2000,2400,500,1000,600,500,1500,2800,3000,1200,50000,300,300,500,1000,700,1000,5000,2700,
000001.SZ,000001,20190102,93530000,65,93500,2,2,600,3000,
000001.SZ,000001,20190102,93530000,66,93400,30,30,600,3000,4100,10000,1800,100,3000,100,1800,2000,2400,500,1000,600,500,1500,2800,3000,1200,50000,300,300,500,1000,700,1000,5000,2700,100,1000,1000,500,
000001.SZ,000001,20190102,93533000,65,93600,9,9,2200,5000,11200,1300,5000,200,10000,500,8500,
000001.SZ,000001,20190102,93533000,66,93500,1,1,2200,5000,11200,1300,5000,200,10000,500,8500,2200,
000001.SZ,000001,20190102,93536000,65,93500,1,1,3800,
000001.SZ,000001,20190102,93536000,66,93400,29,29,3800,1800,100,1800,2000,2400,500,1000,600,500,1500,2800,3000,1200,50000,300,300,500,1000,700,1000,5000,2700,100,1000,1000,500,500,500,2000,
000001.SZ,000001,20190102,93539000,65,93500,2,2,400,5200,
000001.SZ,000001,20190102,93539000,66,93400,29,29,400,5200,1800,100,1800,2000,2400,500,1000,600,500,1500,2800,3000,1200,50000,300,300,500,1000,700,1000,5000,2700,100,1000,1000,500,500,500,2000,
000001.SZ,000001,20190102,93542000,65,93500,2,2,3000,13900,
000001.SZ,000001,20190102,93542000,66,93400,26,26,3000,13900,1300,500,1000,600,500,1500,2800,3000,1200,50000,300,300,500,1000,700,1000,5000,2700,100,1000,1000,500,500,500,2000,5000,
000001.SZ,000001,20190102,93545000,65,93600,9,9,2200,5000,11200,1300,5000,200,10000,500,500,
000001.SZ,000001,20190102,93545000,66,93500,1,1,2200,5000,11200,1300,5000,200,10000,500,500,38100,
000001.SZ,000001,20190102,93548000,65,93600,9,9,1200,5000,11200,1300,5000,200,10000,500,500,
000001.SZ,000001,20190102,93548000,66,93500,3,3,1200,5000,11200,1300,5000,200,10000,500,500,27200,12400,200,
000001.SZ,000001,20190102,93551000,65,93600,9,9,1200,5000,11200,1300,5000,200,10000,500,500,
000001.SZ,000001,20190102,93551000,66,93500,3,3,1200,5000,11200,1300,5000,200,10000,500,500,23300,12400,200,
000001.SZ,000001,20190102,93554000,65,93600,9,9,700,5000,11200,1300,5000,200,10000,500,500,
000001.SZ,000001,20190102,93554000,66,93500,4,4,700,5000,11200,1300,5000,200,10000,500,500,16700,12400,200,1600,
000001.SZ,000001,20190102,93557000,65,93600,9,9,700,5000,11200,1300,5000,200,500,500,5000,
000001.SZ,000001,20190102,93557000,66,93500,5,5,700,5000,11200,1300,5000,200,500,500,5000,13700,12400,200,1600,800,
000001.SZ,000001,20190102,93600000,65,93600,10,10,700,5000,11200,1300,5000,200,500,500,5000,1000,
000001.SZ,000001,20190102,93600000,66,93500,9,9,700,5000,11200,1300,5000,200,500,500,5000,1000,1600,200,1600,800,1000,100,800,15000,1000,
000001.SZ,000001,20190102,93603000,65,93500,2,2,500,200,
000001.SZ,000001,20190102,93603000,66,93400,40,40,500,200,1300,500,1000,600,500,1500,2800,3000,1200,50000,300,500,1000,700,1000,5000,2700,100,1000,500,500,500,2000,5000,6700,2000,1000,1000,10000,200,1000,500,1000,1900,200,1000,5000,1000,200,1000,
000001.SZ,000001,20190102,93606000,65,93600,13,13,700,5000,11200,1300,5000,200,500,500,5000,1000,30000,1100,8200,
000001.SZ,000001,20190102,93606000,66,93500,1,1,700,5000,11200,1300,5000,200,500,500,5000,1000,30000,1100,8200,20600,
000001.SZ,000001,20190102,93609000,65,93600,14,14,700,5000,11200,1300,5000,200,500,500,5000,1000,30000,1100,8200,400,
000001.SZ,000001,20190102,93609000,66,93500,1,1,700,5000,11200,1300,5000,200,500,500,5000,1000,30000,1100,8200,400,16600,
000001.SZ,000001,20190102,93612000,65,93500,7,7,4500,1000,500,200,500,300,200,
000001.SZ,000001,20190102,93612000,66,93400,39,39,4500,1000,500,200,500,300,200,1200,500,1000,600,500,1500,2800,3000,1200,50000,300,500,1000,700,1000,2700,100,1000,500,500,500,2000,5000,6700,1000,1000,200,1000,500,1000,1900,200,1000,5000,1000,200,1000,5000,70000,
000001.SZ,000001,20190102,93615000,65,93500,4,4,3100,1000,300,400,
000001.SZ,000001,20190102,93615000,66,93400,30,30,3100,1000,300,400,36300,300,500,1000,700,1000,2700,100,1000,500,500,500,2000,5000,6700,1000,1000,200,1000,500,1000,1900,200,1000,5000,1000,200,1000,5000,70000,
000001.SZ,000001,20190102,93618000,65,93500,2,2,1200,7200,
000001.SZ,000001,20190102,93618000,66,93400,30,30,1200,7200,36100,300,500,1000,700,1000,2700,100,1000,500,500,500,2000,5000,6700,1000,1000,200,1000,500,1000,1900,200,1000,5000,1000,200,1000,5000,70000,
000001.SZ,000001,20190102,93621000,65,93500,3,3,1200,7200,300,
000001.SZ,000001,20190102,93621000,66,93400,30,30,1200,7200,300,36100,300,500,1000,700,1000,2700,100,1000,500,500,500,2000,5000,6700,1000,1000,200,1000,500,1000,1900,200,1000,5000,1000,200,1000,5000,70000,
000001.SZ,000001,20190102,93624000,65,93500,4,4,800,7200,300,1100,
000001.SZ,000001,20190102,93624000,66,93400,30,30,800,7200,300,1100,13200,300,500,1000,700,1000,2700,100,1000,500,500,500,2000,5000,6700,1000,1000,200,1000,500,1000,1900,200,1000,5000,1000,200,1000,5000,70000,
000001.SZ,000001,20190102,93627000,65,93500,3,3,4500,300,1100,
000001.SZ,000001,20190102,93627000,66,93400,29,29,4500,300,1100,13200,300,500,1000,700,1000,2700,100,1000,500,500,2000,5000,6700,1000,1000,200,1000,500,1000,1900,200,1000,5000,1000,200,1000,5000,70000,
000001.SZ,000001,20190102,93630000,65,93600,14,14,700,5000,11200,1300,5000,200,500,500,5000,1000,30000,1100,8200,400,
000001.SZ,000001,20190102,93630000,66,93400,20,20,700,5000,11200,1300,5000,200,500,500,5000,1000,30000,1100,8200,400,500,2000,5000,6700,1000,1000,200,1000,500,1000,1900,200,1000,5000,1000,200,1000,5000,70000,10000,
000001.SZ,000001,20190102,93633000,65,93600,14,14,700,5000,11200,1300,5000,200,500,500,5000,1000,30000,1100,8200,400,
000001.SZ,000001,20190102,93633000,66,93500,5,5,700,5000,11200,1300,5000,200,500,500,5000,1000,30000,1100,8200,400,300,53300,500,10000,100000,
000001.SZ,000001,20190102,93636000,65,93600,13,13,2500,11200,1300,5000,200,500,500,5000,1000,30000,1100,8200,400,
000001.SZ,000001,20190102,93636000,66,93500,9,9,2500,11200,1300,5000,200,500,500,5000,1000,30000,1100,8200,400,52600,500,10000,100000,3600,100,5000,800,1600,
000001.SZ,000001,20190102,93639000,65,93600,13,13,2500,11200,1300,5000,200,500,500,5000,1000,30000,1100,8200,400,
000001.SZ,000001,20190102,93639000,66,93500,10,10,2500,11200,1300,5000,200,500,500,5000,1000,30000,1100,8200,400,52600,500,10000,100000,3600,100,5000,800,1600,4700,
000001.SZ,000001,20190102,93642000,65,93600,13,13,2500,11200,1300,5000,200,500,500,5000,1000,30000,1100,8200,400,
000001.SZ,000001,20190102,93642000,66,93500,10,10,2500,11200,1300,5000,200,500,500,5000,1000,30000,1100,8200,400,48600,500,10000,100000,3600,100,5000,800,1600,4700,
000001.SZ,000001,20190102,93645000,65,93700,7,7,100,3700,10000,3000,27800,2000,4100,
000001.SZ,000001,20190102,93645000,66,93600,1,1,100,3700,10000,3000,27800,2000,4100,79900,
000001.SZ,000001,20190102,93648000,65,93700,6,6,100,10000,3000,27800,2000,4100,
000001.SZ,000001,20190102,93648000,66,93600,3,3,100,10000,3000,27800,2000,4100,67000,4000,800,
000001.SZ,000001,20190102,93651000,65,93700,5,5,10000,3000,27800,2000,4100,
000001.SZ,000001,20190102,93651000,66,93600,3,3,10000,3000,27800,2000,4100,66900,4000,800,
000001.SZ,000001,20190102,93654000,65,93700,6,6,8200,3000,27800,2000,4100,1000,
000001.SZ,000001,20190102,93654000,66,93600,3,3,8200,3000,27800,2000,4100,1000,60900,4000,800,
000001.SZ,000001,20190102,93657000,65,93700,7,7,5300,3000,27800,2000,4100,1000,500,
000001.SZ,000001,20190102,93657000,66,93600,3,3,5300,3000,27800,2000,4100,1000,500,60900,4000,800,
000001.SZ,000001,20190102,93700000,65,93700,7,7,5300,3000,27800,2000,4100,1000,500,
000001.SZ,000001,20190102,93700000,66,93600,5,5,5300,3000,27800,2000,4100,1000,500,60200,4000,800,10000,600,
000001.SZ,000001,20190102,93703000,65,93700,8,8,5200,3000,27800,2000,4100,1000,500,3000,
000001.SZ,000001,20190102,93703000,66,93600,6,6,5200,3000,27800,2000,4100,1000,500,3000,60000,4000,800,10000,600,3000,
000001.SZ,000001,20190102,93706000,65,93700,7,7,2500,27800,2000,4100,1000,500,3000,
000001.SZ,000001,20190102,93706000,66,93600,7,7,2500,27800,2000,4100,1000,500,3000,60000,4000,800,10000,600,3000,100,
000001.SZ,000001,20190102,93709000,65,93700,7,7,2500,27800,2000,4100,1000,500,3000,
000001.SZ,000001,20190102,93709000,66,93600,7,7,2500,27800,2000,4100,1000,500,3000,38300,4000,800,10000,600,3000,100,
000001.SZ,000001,20190102,93712000,65,93700,6,6,18500,2000,4100,1000,500,3000,
000001.SZ,000001,20190102,93712000,66,93600,8,8,18500,2000,4100,1000,500,3000,38100,4000,800,10000,600,3000,100,100,
000001.SZ,000001,20190102,93715000,65,93700,6,6,17500,2000,4100,1000,500,3000,
000001.SZ,000001,20190102,93715000,66,93600,8,8,17500,2000,4100,1000,500,3000,38100,4000,800,10000,600,3000,100,100,
000001.SZ,000001,20190102,93718000,65,93700,6,6,13800,2000,4100,1000,500,3000,
000001.SZ,000001,20190102,93718000,66,93600,12,12,13800,2000,4100,1000,500,3000,37100,4000,800,10000,600,3000,100,100,100,100,1000,500,
000001.SZ,000001,20190102,93721000,65,93700,7,7,13300,2000,4100,1000,500,3000,20200,
000001.SZ,000001,20190102,93721000,66,93600,12,12,13300,2000,4100,1000,500,3000,20200,32100,4000,800,10000,600,3000,100,100,100,100,1000,500,
000001.SZ,000001,20190102,93724000,65,93700,6,6,2000,4100,1000,500,3000,20200,
000001.SZ,000001,20190102,93724000,66,93600,12,12,2000,4100,1000,500,3000,20200,23800,4000,800,10000,600,3000,100,100,100,100,1000,500,
000001.SZ,000001,20190102,93727000,65,93700,5,5,3700,1000,500,3000,20200,
000001.SZ,000001,20190102,93727000,66,93600,1,1,3700,1000,500,3000,20200,1700,
000001.SZ,000001,20190102,93730000,65,93700,5,5,900,1000,500,3000,20200,
000001.SZ,000001,20190102,93730000,66,93600,1,1,900,1000,500,3000,20200,700,
000001.SZ,000001,20190102,93736000,65,93700,7,7,900,1000,500,3000,20200,400,5500,
000001.SZ,000001,20190102,93736000,66,93600,3,3,900,1000,500,3000,20200,400,5500,300,2000,10000,
000001.SZ,000001,20190102,93739000,65,93700,9,9,900,500,3000,20200,400,5500,5000,8500,1500,
000001.SZ,000001,20190102,93739000,66,93600,4,4,900,500,3000,20200,400,5500,5000,8500,1500,300,2000,10000,500,
000001.SZ,000001,20190102,93742000,65,93700,9,9,900,500,3000,20200,400,5500,5000,8500,1500,
000001.SZ,000001,20190102,93742000,66,93600,6,6,900,500,3000,20200,400,5500,5000,8500,1500,300,2000,10000,500,300,4100,
000001.SZ,000001,20190102,93745000,65,93700,11,11,900,500,3000,20200,400,5500,5000,8500,1500,200,5000,
000001.SZ,000001,20190102,93745000,66,93600,5,5,900,500,3000,20200,400,5500,5000,8500,1500,200,5000,8300,500,300,4100,100,
000001.SZ,000001,20190102,93748000,65,93700,10,10,400,3000,20200,400,5500,5000,8500,1500,200,5000,
000001.SZ,000001,20190102,93748000,66,93600,5,5,400,3000,20200,400,5500,5000,8500,1500,200,5000,8300,500,300,4100,100,
000001.SZ,000001,20190102,93751000,65,93700,8,8,13600,400,5500,5000,8500,1500,200,5000,
000001.SZ,000001,20190102,93751000,66,93600,8,8,13600,400,5500,5000,8500,1500,200,5000,8300,500,300,4100,100,1100,800,2000,
000001.SZ,000001,20190102,93754000,65,93700,11,11,13100,400,5500,5000,8500,1500,200,5000,1200,600,2100,
000001.SZ,000001,20190102,93754000,66,93600,9,9,13100,400,5500,5000,8500,1500,200,5000,1200,600,2100,8300,500,300,4100,100,1100,800,2000,4000,
000001.SZ,000001,20190102,93757000,65,93700,11,11,11800,400,5500,5000,8500,1500,200,5000,1200,600,2100,
000001.SZ,000001,20190102,93757000,66,93600,10,10,11800,400,5500,5000,8500,1500,200,5000,1200,600,2100,8100,500,300,4100,100,1100,800,2000,4000,100,
000001.SZ,000001,20190102,93800000,65,93700,12,12,6600,400,5500,5000,8500,1500,200,5000,1200,600,2100,10000,
000001.SZ,000001,20190102,93800000,66,93600,10,10,6600,400,5500,5000,8500,1500,200,5000,1200,600,2100,10000,8100,500,300,4100,100,1100,800,2000,4000,100,
000001.SZ,000001,20190102,93803000,65,93700,13,13,4500,400,5500,5000,8500,1500,200,5000,1200,600,2100,10000,200,
000001.SZ,000001,20190102,93803000,66,93600,10,10,4500,400,5500,5000,8500,1500,200,5000,1200,600,2100,10000,200,300,300,4100,100,1100,800,2000,4000,100,100,
000001.SZ,000001,20190102,93806000,65,93700,13,13,4000,400,5500,5000,8500,1500,200,5000,1200,600,2100,10000,200,
000001.SZ,000001,20190102,93806000,66,93600,5,5,4000,400,5500,5000,8500,1500,200,5000,1200,600,2100,10000,200,1600,100,100,300,70000,
000001.SZ,000001,20190102,93809000,65,93700,14,14,3900,400,5500,5000,8500,1500,200,5000,1200,600,2100,10000,200,19400,
000001.SZ,000001,20190102,93809000,66,93600,3,3,3900,400,5500,5000,8500,1500,200,5000,1200,600,2100,10000,200,19400,66900,1100,6100,
000001.SZ,000001,20190102,93812000,65,93700,14,14,3500,400,5500,5000,8500,1500,200,5000,1200,600,2100,10000,200,19400,
000001.SZ,000001,20190102,93812000,66,93600,6,6,3500,400,5500,5000,8500,1500,200,5000,1200,600,2100,10000,200,19400,64700,1100,6100,100,12200,500,
000001.SZ,000001,20190102,93815000,65,93700,14,14,3400,400,5500,5000,8500,1500,200,5000,1200,600,2100,10000,200,19400,
000001.SZ,000001,20190102,93815000,66,93600,6,6,3400,400,5500,5000,8500,1500,200,5000,1200,600,2100,10000,200,19400,63400,1100,6100,12200,500,1400,
000001.SZ,000001,20190102,93818000,65,93700,15,15,3400,400,5500,5000,8500,1500,200,5000,1200,600,2100,10000,200,19400,500,
000001.SZ,000001,20190102,93818000,66,93600,7,7,3400,400,5500,5000,8500,1500,200,5000,1200,600,2100,10000,200,19400,500,62700,1100,6100,12200,500,1400,2900,
000001.SZ,000001,20190102,93821000,65,93700,14,14,3400,400,5500,5000,8500,1500,200,5000,1200,600,2100,10000,200,19400,
000001.SZ,000001,20190102,93821000,66,93600,7,7,3400,400,5500,5000,8500,1500,200,5000,1200,600,2100,10000,200,19400,61700,1100,6100,12200,500,1400,2900,
000001.SZ,000001,20190102,93824000,65,93700,17,17,3400,400,5500,5000,8500,1500,200,5000,1200,600,2100,10000,200,19400,1100,300,100,
000001.SZ,000001,20190102,93824000,66,93600,8,8,3400,400,5500,5000,8500,1500,200,5000,1200,600,2100,10000,200,19400,1100,300,100,61700,1100,6100,12200,500,1400,2900,500,
000001.SZ,000001,20190102,93827000,65,93700,13,13,2600,1500,200,5000,1200,600,2100,10000,200,19400,1100,300,100,
000001.SZ,000001,20190102,93827000,66,93600,10,10,2600,1500,200,5000,1200,600,2100,10000,200,19400,1100,300,100,59100,1100,6100,12200,500,1400,2900,500,15000,800,
000001.SZ,000001,20190102,93830000,65,93700,14,14,2100,1500,200,5000,1200,600,2100,10000,200,19400,1100,300,100,1900,
000001.SZ,000001,20190102,93830000,66,93600,14,14,2100,1500,200,5000,1200,600,2100,10000,200,19400,1100,300,100,1900,58900,1100,6100,12200,500,1400,2900,500,15000,800,100,100,2100,5000,
000001.SZ,000001,20190102,93833000,65,93700,15,15,2100,1500,200,5000,1200,600,2100,10000,200,19400,1100,300,100,1900,100,
000001.SZ,000001,20190102,93833000,66,93600,15,15,2100,1500,200,5000,1200,600,2100,10000,200,19400,1100,300,100,1900,100,58900,1100,6100,12200,500,1400,2900,500,15000,800,100,100,2100,5000,2900,
000001.SZ,000001,20190102,93836000,65,93700,11,11,300,600,2100,10000,200,19400,1100,300,100,1900,100,
000001.SZ,000001,20190102,93836000,66,93600,15,15,300,600,2100,10000,200,19400,1100,300,100,1900,100,57900,1100,6100,12200,500,1400,2900,500,15000,800,100,100,2100,5000,2900,
000001.SZ,000001,20190102,93839000,65,93700,9,9,200,10000,200,19400,1100,300,100,1900,100,
000001.SZ,000001,20190102,93839000,66,93600,17,17,200,10000,200,19400,1100,300,100,1900,100,57900,1100,6100,12200,500,1400,2900,500,15000,800,100,100,2100,5000,2900,3000,800,
000001.SZ,000001,20190102,93842000,65,93700,8,8,8600,200,19400,1100,300,100,1900,100,
000001.SZ,000001,20190102,93842000,66,93600,18,18,8600,200,19400,1100,300,100,1900,100,48900,1100,6100,12200,500,1400,2900,500,15000,800,100,100,2100,5000,2900,3000,800,25000,
000001.SZ,000001,20190102,93845000,65,93700,8,8,3600,200,19400,1100,300,100,1900,100,
000001.SZ,000001,20190102,93845000,66,93600,20,20,3600,200,19400,1100,300,100,1900,100,41500,1100,6100,12200,500,1400,2900,500,15000,800,100,100,2100,5000,2900,3000,800,25000,5700,55400,
000001.SZ,000001,20190102,93848000,65,93700,6,6,18200,1100,300,100,1900,100,
000001.SZ,000001,20190102,93848000,66,93600,20,20,18200,1100,300,100,1900,100,39200,1100,6100,12200,500,1400,2900,500,15000,800,100,100,2100,5000,2900,3000,800,25000,5700,55400,
000001.SZ,000001,20190102,93851000,65,93700,6,6,18200,1100,300,100,1900,100,
000001.SZ,000001,20190102,93851000,66,93600,21,21,18200,1100,300,100,1900,100,31600,1100,6100,12200,500,1400,2900,500,15000,800,100,100,2100,5000,2900,3000,800,25000,5700,55400,2000,
000001.SZ,000001,20190102,93854000,65,93700,7,7,11500,1100,300,100,1900,100,1000,
000001.SZ,000001,20190102,93854000,66,93600,20,20,11500,1100,300,100,1900,100,1000,27400,1100,6100,12200,500,1400,2900,500,15000,800,100,2100,5000,2900,3000,800,25000,5700,55400,2000,
000001.SZ,000001,20190102,93857000,65,93700,8,8,11500,1100,300,100,1900,100,1000,5300,
000001.SZ,000001,20190102,93857000,66,93600,25,25,11500,1100,300,100,1900,100,1000,5300,12200,1100,6100,12200,500,1400,2900,500,15000,800,100,2100,5000,2900,3000,800,25000,5700,55400,2000,800,400,5000,1000,200,
000001.SZ,000001,20190102,93900000,65,93700,9,9,6500,1100,300,100,1900,100,1000,5300,800,
000001.SZ,000001,20190102,93900000,66,93600,26,26,6500,1100,300,100,1900,100,1000,5300,800,11700,1100,6100,12200,500,1400,2900,500,15000,800,100,2100,5000,2900,3000,800,25000,5700,55400,2000,800,400,5000,1000,200,1100,
000001.SZ,000001,20190102,93903000,65,93700,10,10,6400,1100,300,100,1900,100,1000,5300,800,2000,
000001.SZ,000001,20190102,93903000,66,93600,27,27,6400,1100,300,100,1900,100,1000,5300,800,2000,2400,1100,6100,12200,500,1400,2900,500,15000,800,100,2100,5000,2900,3000,800,25000,5700,55400,2000,800,400,5000,1000,200,1100,400,
000001.SZ,000001,20190102,93906000,65,93700,9,9,1100,300,100,1900,100,1000,5300,800,2000,
000001.SZ,000001,20190102,93906000,66,93600,27,27,1100,300,100,1900,100,1000,5300,800,2000,2400,1100,6100,12200,500,1400,2900,500,15000,800,100,2100,5000,2900,3000,800,25000,5700,55400,2000,800,400,5000,1000,200,1100,400,
000001.SZ,000001,20190102,93912000,65,93800,13,13,6000,1600,5300,1000,5600,4800,5700,2100,5000,60000,500,3000,1000,
000001.SZ,000001,20190102,93912000,66,93700,1,1,6000,1600,5300,1000,5600,4800,5700,2100,5000,60000,500,3000,1000,34900,
000001.SZ,000001,20190102,93915000,65,93800,13,13,6000,1600,5300,1000,5600,4800,5700,2100,5000,60000,500,3000,1000,
000001.SZ,000001,20190102,93915000,66,93700,3,3,6000,1600,5300,1000,5600,4800,5700,2100,5000,60000,500,3000,1000,19200,20000,800,
000001.SZ,000001,20190102,93918000,65,93700,2,2,1400,3700,
000001.SZ,000001,20190102,93918000,66,93600,26,26,1400,3700,800,6100,12200,500,1400,2900,500,15000,800,100,2100,5000,2900,3000,25000,5700,55400,2000,800,400,5000,1000,200,1100,400,100,
000001.SZ,000001,20190102,93921000,65,93700,1,1,100,
000001.SZ,000001,20190102,93921000,66,93600,24,24,100,5000,12200,1400,2900,500,15000,800,100,2100,5000,2900,3000,25000,5700,55400,2000,800,400,5000,1000,200,1100,400,100,
000001.SZ,000001,20190102,93924000,65,93700,3,3,100,1100,200,
000001.SZ,000001,20190102,93924000,66,93600,22,22,100,1100,200,600,12200,1400,2900,500,15000,800,100,2100,5000,2900,25000,5700,55400,800,400,5000,1000,200,1100,400,100,
000001.SZ,000001,20190102,93927000,65,93700,1,1,3400,
000001.SZ,000001,20190102,93927000,66,93600,22,22,3400,9500,1400,2900,500,15000,800,100,2100,5000,2900,25000,5700,55400,800,400,5000,1000,200,1100,400,100,800,
000001.SZ,000001,20190102,93930000,65,93700,1,1,2400,
000001.SZ,000001,20190102,93930000,66,93600,22,22,2400,8800,1400,2900,500,15000,800,100,2100,5000,2900,25000,5700,55400,800,400,5000,1000,200,1100,400,100,800,
000001.SZ,000001,20190102,93933000,65,93700,1,1,2400,
000001.SZ,000001,20190102,93933000,66,93600,22,22,2400,8600,2900,500,15000,800,100,2100,5000,2900,25000,5700,55400,800,400,5000,1000,200,1100,400,100,800,300,
000001.SZ,000001,20190102,93936000,65,93800,13,13,6000,1600,5300,1000,5600,4800,5700,2100,5000,60000,500,3000,1000,
000001.SZ,000001,20190102,93936000,66,93700,1,1,6000,1600,5300,1000,5600,4800,5700,2100,5000,60000,500,3000,1000,700,
000001.SZ,000001,20190102,93939000,65,93700,1,1,46600,
000001.SZ,000001,20190102,93939000,66,93600,12,12,46600,4700,55400,800,400,5000,1000,200,1100,400,100,800,300,
000001.SZ,000001,20190102,93942000,65,93700,3,3,46600,400,5200,
000001.SZ,000001,20190102,93942000,66,93600,11,11,46600,400,5200,35700,800,400,5000,1000,200,1100,400,100,800,300,
000001.SZ,000001,20190102,93945000,65,93600,3,3,5500,45800,1300,
000001.SZ,000001,20190102,93945000,66,93500,31,31,5500,45800,1300,48600,10000,100000,3600,100,5000,1600,200,10000,200,100,100,1000,1600,2000,1000,3000,1000,4000,500,500,500,100,900,300,200,1900,3200,200,3000,1000,
000001.SZ,000001,20190102,93948000,65,93500,12,12,34600,6700,8000,200,500,5300,2800,200,1700,15600,4500,4000,
000001.SZ,000001,20190102,93948000,66,93400,38,38,34600,6700,8000,200,500,5300,2800,200,1700,15600,4500,4000,500,2000,5000,6700,1000,1000,200,1000,500,1000,200,1000,5000,1000,200,1000,5000,10000,700,2300,100,10000,3200,1300,5000,500,41000,1000,1000,200,300,6500,100,600,2000,2800,800,3000,
000001.SZ,000001,20190102,93951000,65,93500,4,4,33500,200,2800,400,
000001.SZ,000001,20190102,93951000,66,93400,22,22,33500,200,2800,400,8500,700,2300,100,10000,3200,1300,5000,500,41000,1000,1000,200,300,6500,100,600,2000,2800,800,3000,7000,
000001.SZ,000001,20190102,93954000,65,93500,5,5,32500,200,2800,400,1000,
000001.SZ,000001,20190102,93954000,66,93400,20,20,32500,200,2800,400,1000,900,100,10000,3200,1300,5000,500,41000,1000,1000,200,300,6500,100,600,2000,2800,800,3000,7000,
000001.SZ,000001,20190102,93957000,65,93500,5,5,30300,200,2800,400,1000,
000001.SZ,000001,20190102,93957000,66,93400,19,19,30300,200,2800,400,1000,6000,3200,1300,5000,500,41000,1000,1000,200,300,6500,100,600,2000,2800,800,3000,7000,800,
000001.SZ,000001,20190102,94000000,65,93500,5,5,30300,200,2800,400,1000,
000001.SZ,000001,20190102,94000000,66,93400,18,18,30300,200,2800,400,1000,2300,3200,1300,5000,500,41000,1000,1000,200,300,6500,100,600,2000,2800,3000,7000,800,
000001.SZ,000001,20190102,94003000,65,93500,5,5,30300,200,2800,400,1000,
000001.SZ,000001,20190102,94003000,66,93400,15,15,30300,200,2800,400,1000,34600,1000,1000,200,300,6500,100,600,2000,2800,3000,7000,800,1100,600,
000001.SZ,000001,20190102,94006000,65,93500,6,6,28500,200,2800,400,1000,22300,
000001.SZ,000001,20190102,94006000,66,93400,15,15,28500,200,2800,400,1000,22300,33700,1000,1000,200,300,6500,100,600,2000,2800,3000,7000,800,1100,600,
000001.SZ,000001,20190102,94009000,65,93500,6,6,21000,200,2800,400,1000,22300,
000001.SZ,000001,20190102,94009000,66,93400,17,17,21000,200,2800,400,1000,22300,32700,1000,1000,200,300,6500,100,600,2000,2800,3000,7000,800,1100,600,300,600,
000001.SZ,000001,20190102,94012000,65,93500,6,6,21000,200,2800,400,1000,22300,
000001.SZ,000001,20190102,94012000,66,93400,20,20,21000,200,2800,400,1000,22300,28700,1000,1000,200,300,6500,100,600,2000,2800,3000,7000,800,1100,600,300,600,3000,700,8000,
000001.SZ,000001,20190102,94015000,65,93500,6,6,20500,200,2800,400,1000,22300,
000001.SZ,000001,20190102,94015000,66,93400,21,21,20500,200,2800,400,1000,22300,23400,1000,1000,200,300,6500,100,600,2000,2800,3000,7000,800,1100,600,300,600,3000,700,8000,800,
000001.SZ,000001,20190102,94018000,65,93500,6,6,18900,200,2800,400,1000,22300,
000001.SZ,000001,20190102,94018000,66,93400,21,21,18900,200,2800,400,1000,22300,22500,1000,1000,200,300,6500,100,600,2000,2800,3000,7000,800,1100,600,300,600,3000,700,8000,800,
000001.SZ,000001,20190102,94021000,65,93500,6,6,16700,200,2800,400,1000,22300,
000001.SZ,000001,20190102,94021000,66,93400,22,22,16700,200,2800,400,1000,22300,16200,1000,1000,200,300,6500,100,600,2000,2800,3000,7000,800,1100,600,300,600,3000,700,8000,800,2500,
000001.SZ,000001,20190102,94024000,65,93500,7,7,12500,200,2800,400,1000,22300,1100,
000001.SZ,000001,20190102,94024000,66,93400,25,25,12500,200,2800,400,1000,22300,1100,9400,1000,1000,200,300,6500,100,600,2000,2800,3000,7000,1100,600,300,600,3000,700,8000,800,2500,1500,3300,200,5000,
000001.SZ,000001,20190102,94027000,65,93500,7,7,12500,200,2800,400,1000,22300,1100,
000001.SZ,000001,20190102,94027000,66,93400,27,27,12500,200,2800,400,1000,22300,1100,9000,1000,1000,200,300,6500,100,600,2000,2800,3000,7000,1100,600,300,600,3000,700,8000,800,2500,1500,3300,200,5000,1000,4400,
000001.SZ,000001,20190102,94030000,65,93500,8,8,9500,200,2800,400,1000,22300,1100,1700,
000001.SZ,000001,20190102,94030000,66,93400,30,30,9500,200,2800,400,1000,22300,1100,1700,7500,1000,1000,200,300,6500,100,600,2000,2800,3000,7000,1100,600,300,600,3000,700,8000,800,2500,1500,3300,200,5000,1000,4400,200,500,600,
000001.SZ,000001,20190102,94033000,65,93500,10,10,5100,200,2800,400,1000,22300,1100,1700,800,1000,
000001.SZ,000001,20190102,94033000,66,93400,27,27,5100,200,2800,400,1000,22300,1100,1700,800,1000,6500,100,600,2000,2800,3000,7000,1100,600,300,600,3000,700,8000,800,2500,1500,3300,200,5000,1000,4400,200,500,600,300,1100,
000001.SZ,000001,20190102,94036000,65,93500,10,10,4600,200,2800,400,1000,22300,1100,1700,800,1000,
000001.SZ,000001,20190102,94036000,66,93400,29,29,4600,200,2800,400,1000,22300,1100,1700,800,1000,6300,100,600,2000,2800,3000,7000,1100,600,300,600,3000,700,8000,800,2500,1500,3300,200,5000,1000,4400,200,500,600,300,1100,700,100,
000001.SZ,000001,20190102,94039000,65,93500,10,10,4600,200,2800,400,1000,22300,1100,1700,800,1000,
000001.SZ,000001,20190102,94039000,66,93400,29,29,4600,200,2800,400,1000,22300,1100,1700,800,1000,4100,100,600,2000,2800,3000,7000,1100,600,300,600,3000,700,8000,800,2500,1500,3300,200,5000,1000,4400,200,500,600,300,1100,700,100,
000001.SZ,000001,20190102,94042000,65,93500,11,11,4500,200,2800,400,1000,22300,1100,1700,800,1000,2000,
000001.SZ,000001,20190102,94042000,66,93400,30,30,4500,200,2800,400,1000,22300,1100,1700,800,1000,2000,200,100,600,2000,2800,3000,7000,1100,600,300,600,3000,700,8000,800,2500,1500,3300,200,5000,1000,4400,200,500,600,300,1100,700,100,1000,
000001.SZ,000001,20190102,94045000,65,93500,13,13,800,200,2800,400,1000,22300,1100,1700,800,1000,2000,1200,500,
000001.SZ,000001,20190102,94045000,66,93400,32,32,800,200,2800,400,1000,22300,1100,1700,800,1000,2000,1200,500,200,100,600,2000,2800,3000,7000,1100,600,300,600,3000,700,8000,800,2500,1500,3300,200,5000,1000,4400,200,500,600,300,1100,700,100,1000,10000,2000,
000001.SZ,000001,20190102,94048000,65,93500,11,11,800,400,1000,22300,1100,1700,800,1000,2000,1200,500,
000001.SZ,000001,20190102,94048000,66,93400,28,28,800,400,1000,22300,1100,1700,800,1000,2000,1200,500,800,600,300,600,3000,700,8000,800,2500,1500,3300,200,5000,1000,4400,200,500,600,300,1100,700,100,1000,10000,2000,1000,300,100,
000001.SZ,000001,20190102,94051000,65,93500,13,13,800,400,1000,22300,1100,1700,800,1000,2000,1200,500,200,3400,
000001.SZ,000001,20190102,94051000,66,93400,25,25,800,400,1000,22300,1100,1700,800,1000,2000,1200,500,200,3400,2500,700,8000,800,2500,1500,3300,200,5000,1000,4400,200,500,600,300,1100,700,100,1000,10000,2000,1000,300,100,1400,
000001.SZ,000001,20190102,94054000,65,93500,16,16,800,400,1000,22300,1100,1700,800,1000,2000,1200,500,200,3400,1100,500,3000,
000001.SZ,000001,20190102,94054000,66,93400,26,26,800,400,1000,22300,1100,1700,800,1000,2000,1200,500,200,3400,1100,500,3000,500,700,8000,800,2500,1500,3300,200,5000,1000,4400,200,500,600,300,1100,700,100,1000,10000,2000,1000,300,100,1400,3000,
000001.SZ,000001,20190102,94057000,65,93500,16,16,300,400,1000,22300,1100,1700,800,1000,2000,1200,500,200,3400,1100,500,3000,
000001.SZ,000001,20190102,94057000,66,93400,24,24,300,400,1000,22300,1100,1700,800,1000,2000,1200,500,200,3400,1100,500,3000,5000,800,2500,1500,3300,200,5000,1000,4400,200,500,600,300,1100,700,100,1000,10000,2000,1000,300,100,1400,3000,
000001.SZ,000001,20190102,94100000,65,93500,13,13,21200,1100,1700,800,1000,2000,1200,500,200,3400,1100,500,3000,
000001.SZ,000001,20190102,94100000,66,93400,22,22,21200,1100,1700,800,1000,2000,1200,500,200,3400,1100,500,3000,600,2500,1500,3300,200,5000,1000,200,500,600,300,1100,700,100,1000,10000,2000,1000,300,100,3000,700,
000001.SZ,000001,20190102,94103000,65,93500,13,13,20200,1100,1700,800,1000,2000,1200,500,200,3400,1100,500,3000,
000001.SZ,000001,20190102,94103000,66,93400,22,22,20200,1100,1700,800,1000,2000,1200,500,200,3400,1100,500,3000,1200,200,5000,1000,200,500,600,300,1100,700,100,1000,10000,2000,1000,300,100,3000,700,100,800,1000,
000001.SZ,000001,20190102,94106000,65,93500,13,13,20200,1100,1700,800,1000,2000,1200,500,200,3400,1100,500,3000,
000001.SZ,000001,20190102,94106000,66,93400,25,25,20200,1100,1700,800,1000,2000,1200,500,200,3400,1100,500,3000,100,200,5000,1000,200,500,600,300,1100,700,100,1000,10000,2000,1000,300,100,3000,700,100,800,1000,100000,2200,1000,
000001.SZ,000001,20190102,94109000,65,93500,13,13,19700,1100,1700,800,1000,2000,1200,500,200,3400,1100,500,3000,
000001.SZ,000001,20190102,94109000,66,93400,24,24,19700,1100,1700,800,1000,2000,1200,500,200,3400,1100,500,3000,700,200,500,600,300,1100,700,100,1000,10000,2000,1000,300,100,3000,700,100,800,1000,100000,2200,1000,12800,47000,
000001.SZ,000001,20190102,94112000,65,93500,13,13,19700,1100,1700,800,1000,2000,1200,500,200,3400,1100,500,3000,
000001.SZ,000001,20190102,94112000,66,93400,19,19,19700,1100,1700,800,1000,2000,1200,500,200,3400,1100,500,3000,100,100,1000,10000,2000,1000,300,100,3000,700,100,800,1000,100000,2200,1000,12800,47000,400,
000001.SZ,000001,20190102,94115000,65,93500,14,14,16700,1100,1700,800,1000,2000,1200,500,200,3400,1100,500,3000,5000,
000001.SZ,000001,20190102,94115000,66,93400,6,6,16700,1100,1700,800,1000,2000,1200,500,200,3400,1100,500,3000,5000,77300,2200,1000,12800,47000,400,
000001.SZ,000001,20190102,94118000,65,93500,16,16,16600,1100,1700,800,1000,2000,1200,500,200,3400,1100,500,3000,5000,200,11300,
000001.SZ,000001,20190102,94118000,66,93400,8,8,16600,1100,1700,800,1000,2000,1200,500,200,3400,1100,500,3000,5000,200,11300,77300,2200,1000,12800,47000,400,1000,500,
000001.SZ,000001,20190102,94121000,65,93500,15,15,11600,1100,1700,800,1000,2000,1200,500,200,1100,500,3000,5000,200,11300,
000001.SZ,000001,20190102,94121000,66,93400,10,10,11600,1100,1700,800,1000,2000,1200,500,200,1100,500,3000,5000,200,11300,76500,2200,1000,12800,47000,400,1000,500,3000,200,
000001.SZ,000001,20190102,94124000,65,93500,16,16,9800,1100,1700,800,1000,2000,1200,500,1100,500,3000,5000,200,11300,1000,2000,
000001.SZ,000001,20190102,94124000,66,93400,13,13,9800,1100,1700,800,1000,2000,1200,500,1100,500,3000,5000,200,11300,1000,2000,76500,2200,1000,12800,47000,400,1000,500,3000,200,600,300,1000,
000001.SZ,000001,20190102,94127000,65,93500,17,17,8400,1100,1700,800,1000,2000,1200,500,1100,500,3000,5000,200,11300,1000,2000,400,
000001.SZ,000001,20190102,94127000,66,93400,15,15,8400,1100,1700,800,1000,2000,1200,500,1100,500,3000,5000,200,11300,1000,2000,400,76300,2200,1000,12800,47000,400,1000,500,3000,200,600,300,1000,100,100,
000001.SZ,000001,20190102,94130000,65,93500,14,14,600,500,1100,500,3000,5000,200,11300,1000,2000,400,100,74900,3400,
000001.SZ,000001,20190102,94130000,66,93400,17,17,600,500,1100,500,3000,5000,200,11300,1000,2000,400,100,74900,3400,72700,2200,1000,12800,400,1000,500,3000,200,600,300,1000,100,100,2000,1400,500,
000001.SZ,000001,20190102,94133000,65,93500,14,14,600,500,1100,500,3000,5000,200,11300,1000,2000,400,100,74900,3400,
000001.SZ,000001,20190102,94133000,66,93400,20,20,600,500,1100,500,3000,5000,200,11300,1000,2000,400,100,74900,3400,30800,2200,1000,12800,400,1000,500,3000,200,600,300,1000,100,100,2000,1400,500,2000,200,1000,
000001.SZ,000001,20190102,94136000,65,93500,2,2,51400,3400,
000001.SZ,000001,20190102,94136000,66,93400,22,22,51400,3400,28000,2200,1000,12800,400,1000,500,3000,200,600,300,1000,100,100,2000,1400,500,2000,200,1000,5600,700,
000001.SZ,000001,20190102,94139000,65,93500,3,3,49900,3400,3000,
000001.SZ,000001,20190102,94139000,66,93400,28,28,49900,3400,3000,27800,2200,1000,12800,400,1000,500,3000,200,600,300,1000,100,100,2000,1400,500,2000,200,1000,5600,700,4700,5000,1000,1500,500,700,
000001.SZ,000001,20190102,94142000,65,93500,4,4,49900,3400,3000,5200,
000001.SZ,000001,20190102,94142000,66,93400,30,30,49900,3400,3000,5200,26700,2200,1000,12800,400,1000,500,3000,200,600,300,1000,100,100,2000,1400,500,2000,200,1000,5600,700,4700,5000,1000,1500,500,700,5000,100,
000001.SZ,000001,20190102,94145000,65,93500,4,4,49500,3400,3000,5200,
000001.SZ,000001,20190102,94145000,66,93400,32,32,49500,3400,3000,5200,24200,2200,1000,12800,400,1000,500,3000,200,600,300,1000,100,100,2000,1400,500,2000,200,1000,5600,700,4700,5000,1000,1500,500,700,5000,100,500,10000,
000001.SZ,000001,20190102,94148000,65,93500,4,4,48900,3400,3000,5200,
000001.SZ,000001,20190102,94148000,66,93400,36,36,48900,3400,3000,5200,22600,2200,1000,12800,400,1000,500,3000,200,600,300,1000,100,100,2000,1400,500,2000,200,1000,5600,700,4700,5000,1000,1500,500,700,5000,100,500,10000,2100,100,4500,200,
000001.SZ,000001,20190102,94151000,65,93500,5,5,46400,3400,3000,5200,7500,
000001.SZ,000001,20190102,94151000,66,93400,37,37,46400,3400,3000,5200,7500,19800,2200,1000,12800,400,1000,500,3000,200,600,300,1000,100,100,2000,1400,500,2000,200,1000,5600,700,4700,5000,1000,1500,500,700,5000,100,500,10000,2100,100,4500,200,10000,
000001.SZ,000001,20190102,94154000,65,93500,7,7,46400,3400,3000,5200,7500,1000,4000,
000001.SZ,000001,20190102,94154000,66,93400,37,37,46400,3400,3000,5200,7500,1000,4000,19600,2200,1000,12800,400,1000,500,3000,200,600,300,100,100,2000,1400,500,2000,200,1000,5600,700,4700,5000,1000,1500,500,700,5000,100,500,10000,2100,100,4500,200,10000,2000,
000001.SZ,000001,20190102,94157000,65,93500,8,8,46400,3400,3000,5200,7500,1000,4000,3200,
000001.SZ,000001,20190102,94157000,66,93400,38,38,46400,3400,3000,5200,7500,1000,4000,3200,14100,2200,1000,12800,400,1000,500,3000,200,600,300,100,100,2000,1400,500,2000,200,1000,5600,700,4700,5000,1000,1500,500,700,5000,100,500,10000,2100,100,4500,200,10000,2000,500,
000001.SZ,000001,20190102,94200000,65,93500,9,9,46400,3400,3000,5200,7500,1000,4000,3200,2900,
000001.SZ,000001,20190102,94200000,66,93400,42,42,46400,3400,3000,5200,7500,1000,4000,3200,2900,11500,2200,1000,12800,400,1000,500,3000,200,600,300,100,100,2000,1400,500,2000,200,1000,5600,700,4700,5000,1000,1500,500,700,5000,100,500,10000,2100,100,4500,200,10000,2000,500,1800,10000,2000,700,
000001.SZ,000001,20190102,94203000,65,93500,10,10,46400,3400,3000,5200,7500,1000,4000,3200,2900,6800,
000001.SZ,000001,20190102,94203000,66,93400,45,45,46400,3400,3000,5200,7500,1000,4000,3200,2900,6800,10300,2200,1000,12800,400,1000,500,3000,200,600,300,100,100,2000,1400,500,2000,200,1000,5600,700,4700,5000,1000,1500,500,700,5000,100,500,10000,2100,100,4500,200,10000,2000,500,1800,10000,2000,700,3700,100,500,
000001.SZ,000001,20190102,94206000,65,93500,10,10,36800,3400,3000,5200,7500,1000,4000,3200,2900,6800,
000001.SZ,000001,20190102,94206000,66,93400,47,47,36800,3400,3000,5200,7500,1000,4000,3200,2900,6800,5800,2200,1000,12800,400,1000,500,3000,200,600,300,100,100,2000,1400,500,2000,200,1000,5600,700,4700,5000,1000,1500,500,700,5000,100,500,10000,2100,100,4500,200,10000,2000,500,1800,10000,2000,700,3700,100,500,1600,500,
000001.SZ,000001,20190102,94209000,65,93500,10,10,36400,3400,3000,5200,7500,1000,4000,3200,2900,6800,
000001.SZ,000001,20190102,94209000,66,93400,50,50,36400,3400,3000,5200,7500,1000,4000,3200,2900,6800,5800,2200,1000,12800,400,1000,500,3000,200,600,300,100,100,2000,1400,500,2000,200,1000,5600,700,4700,5000,1000,1500,500,700,5000,100,500,10000,2100,100,4500,200,10000,2000,500,1800,10000,2000,700,3700,100,500,1600,500,1000,800,500,
000001.SZ,000001,20190102,94212000,65,93500,10,10,24300,3400,3000,5200,7500,1000,4000,3200,2900,6800,
000001.SZ,000001,20190102,94212000,66,93400,50,50,24300,3400,3000,5200,7500,1000,4000,3200,2900,6800,5600,2200,1000,12800,400,1000,500,3000,200,600,300,100,100,2000,1400,500,2000,200,1000,5600,700,4700,5000,1000,1500,500,700,5000,100,500,10000,2100,100,4500,200,10000,2000,500,1800,10000,2000,700,3700,100,500,1600,500,1000,800,500,
000001.SZ,000001,20190102,94215000,65,93500,10,10,22900,3400,3000,5200,7500,1000,4000,3200,2900,6800,
000001.SZ,000001,20190102,94215000,66,93400,51,50,22900,3400,3000,5200,7500,1000,4000,3200,2900,6800,5500,2200,1000,12800,400,1000,500,3000,200,600,300,100,100,2000,1400,500,2000,200,1000,5600,700,4700,5000,1000,1500,500,700,5000,100,500,10000,2100,100,4500,200,10000,2000,500,1800,10000,2000,700,3700,100,500,1600,500,1000,800,500,
000001.SZ,000001,20190102,94218000,65,93500,13,13,22900,3400,3000,5200,7500,1000,4000,3200,2900,6800,2100,1200,600,
000001.SZ,000001,20190102,94218000,66,93400,52,50,22900,3400,3000,5200,7500,1000,4000,3200,2900,6800,2100,1200,600,5400,2200,1000,12800,400,1000,500,3000,200,600,300,100,100,2000,1400,500,2000,200,1000,5600,700,4700,5000,1000,1500,500,700,5000,100,500,10000,2100,100,4500,200,10000,2000,500,1800,10000,2000,700,3700,100,500,1600,500,1000,800,500,
000001.SZ,000001,20190102,94221000,65,93500,13,13,22800,3400,3000,5200,7500,1000,4000,3200,2900,6800,2100,1200,600,
000001.SZ,000001,20190102,94221000,66,93400,54,50,22800,3400,3000,5200,7500,1000,4000,3200,2900,6800,2100,1200,600,4800,2200,1000,12800,400,1000,500,3000,200,600,300,100,100,2000,1400,500,2000,200,1000,5600,700,4700,5000,1000,1500,500,700,5000,100,500,10000,2100,100,4500,200,10000,2000,500,1800,10000,2000,700,3700,100,500,1600,500,1000,800,500,
000001.SZ,000001,20190102,94224000,65,93500,16,16,17500,3400,3000,5200,7500,1000,4000,3200,2900,6800,2100,1200,600,1300,12900,1500,
000001.SZ,000001,20190102,94224000,66,93400,57,50,17500,3400,3000,5200,7500,1000,4000,3200,2900,6800,2100,1200,600,1300,12900,1500,4800,2200,1000,12800,400,1000,500,3000,200,600,300,100,100,2000,1400,500,2000,200,1000,5600,700,4700,5000,1000,1500,500,700,5000,100,500,10000,2100,100,4500,200,10000,2000,500,1800,10000,2000,700,3700,100,500,1600,500,1000,800,500,
000001.SZ,000001,20190102,94227000,65,93500,14,14,11000,3000,5200,7500,1000,4000,2900,6800,2100,1200,600,1300,12900,1500,
000001.SZ,000001,20190102,94227000,66,93400,57,50,11000,3000,5200,7500,1000,4000,2900,6800,2100,1200,600,1300,12900,1500,4800,2200,1000,12800,400,1000,500,3000,200,600,300,100,100,2000,1400,500,2000,200,1000,5600,700,4700,5000,1000,1500,500,700,5000,100,500,10000,2100,100,4500,200,10000,2000,500,1800,10000,2000,3700,100,500,1600,500,1000,800,500,1000,
000001.SZ,000001,20190102,94230000,65,93600,7,7,5500,45800,3400,7300,5700,4000,1700,
000001.SZ,000001,20190102,94230000,66,93500,2,2,5500,45800,3400,7300,5700,4000,1700,35100,3700,
000001.SZ,000001,20190102,94233000,65,93600,7,7,5500,45800,3400,7300,5700,4000,1700,
000001.SZ,000001,20190102,94233000,66,93500,14,14,5500,45800,3400,7300,5700,4000,1700,34900,3700,900,100,10000,100,100,61000,200,1000,1000,1600,2000,3000,
000001.SZ,000001,20190102,94236000,65,93600,7,7,5400,45800,3400,7300,5700,4000,1700,
000001.SZ,000001,20190102,94236000,66,93500,14,14,5400,45800,3400,7300,5700,4000,1700,32400,3700,900,100,10000,100,100,61000,200,1000,1000,1600,2000,3000,
000001.SZ,000001,20190102,94239000,65,93600,7,7,5300,45800,3400,7300,5700,4000,1700,
000001.SZ,000001,20190102,94239000,66,93500,14,14,5300,45800,3400,7300,5700,4000,1700,32400,3700,900,100,10000,100,100,61000,200,1000,1000,1600,2000,3000,
000001.SZ,000001,20190102,94245000,65,93600,7,7,5200,45800,3400,7300,5700,4000,1700,
000001.SZ,000001,20190102,94245000,66,93500,15,15,5200,45800,3400,7300,5700,4000,1700,29900,3700,900,100,10000,100,100,61000,200,1000,1000,1600,2000,3000,2000,
000001.SZ,000001,20190102,94248000,65,93600,7,7,5200,45800,3400,7300,5700,4000,1700,
000001.SZ,000001,20190102,94248000,66,93500,16,16,5200,45800,3400,7300,5700,4000,1700,27300,3700,900,100,10000,100,100,61000,200,1000,1000,1600,2000,3000,2000,50000,
000001.SZ,000001,20190102,94251000,65,93600,9,9,3200,45800,3400,7300,5700,4000,1700,1200,1100,
000001.SZ,000001,20190102,94251000,66,93500,5,5,3200,45800,3400,7300,5700,4000,1700,1200,1100,1100,2000,3000,2000,50000,
000001.SZ,000001,20190102,94254000,65,93600,10,10,3200,45800,3400,7300,5700,4000,1700,1200,1100,900,
000001.SZ,000001,20190102,94254000,66,93500,6,6,3200,45800,3400,7300,5700,4000,1700,1200,1100,900,1000,2000,3000,2000,50000,600,
000001.SZ,000001,20190102,94257000,65,93600,10,10,2500,45800,3400,7300,5700,4000,1700,1200,1100,900,
000001.SZ,000001,20190102,94257000,66,93500,6,6,2500,45800,3400,7300,5700,4000,1700,1200,1100,900,900,2000,3000,2000,50000,600,
000001.SZ,000001,20190102,94300000,65,93600,10,10,1900,45800,3400,7300,5700,4000,1700,1200,1100,900,
000001.SZ,000001,20190102,94300000,66,93500,5,5,1900,45800,3400,7300,5700,4000,1700,1200,1100,900,32900,600,1300,2800,100000,
000001.SZ,000001,20190102,94303000,65,93600,11,11,1400,45800,3400,7300,5700,4000,1700,1200,1100,900,200,
000001.SZ,000001,20190102,94303000,66,93500,5,5,1400,45800,3400,7300,5700,4000,1700,1200,1100,900,200,27200,600,1300,2800,100000,
000001.SZ,000001,20190102,94306000,65,93600,11,11,900,45800,3400,7300,5700,4000,1700,1200,1100,900,200,
000001.SZ,000001,20190102,94306000,66,93500,8,8,900,45800,3400,7300,5700,4000,1700,1200,1100,900,200,22700,600,1300,2800,100000,1000,100,100,
000001.SZ,000001,20190102,94309000,65,93600,11,11,900,45800,3400,7300,5700,4000,1700,1200,1100,900,200,
000001.SZ,000001,20190102,94309000,66,93500,8,8,900,45800,3400,7300,5700,4000,1700,1200,1100,900,200,21700,600,1300,2800,100000,1000,100,100,
000001.SZ,000001,20190102,94312000,65,93600,10,10,35700,3400,7300,5700,4000,1700,1200,1100,900,200,
000001.SZ,000001,20190102,94312000,66,93500,10,10,35700,3400,7300,5700,4000,1700,1200,1100,900,200,21700,600,1300,2800,100000,1000,100,100,1000,1000,
000001.SZ,000001,20190102,94315000,65,93600,10,10,35400,3400,7300,5700,4000,1700,1200,1100,900,200,
000001.SZ,000001,20190102,94315000,66,93500,13,13,35400,3400,7300,5700,4000,1700,1200,1100,900,200,20000,600,1300,2800,100000,1000,100,100,1000,1000,500,10000,1000,
000001.SZ,000001,20190102,94318000,65,93600,10,10,33300,3400,7300,5700,4000,1700,1200,1100,900,200,
000001.SZ,000001,20190102,94318000,66,93500,13,13,33300,3400,7300,5700,4000,1700,1200,1100,900,200,9400,600,1300,2800,100000,1000,100,100,1000,1000,500,10000,1000,
000001.SZ,000001,20190102,94321000,65,93600,11,11,31900,3400,7300,5700,4000,1700,1200,1100,900,200,2000,
000001.SZ,000001,20190102,94321000,66,93500,15,15,31900,3400,7300,5700,4000,1700,1200,1100,900,200,2000,6200,600,1300,2800,100000,1000,100,100,1000,1000,500,10000,1000,6600,500,
000001.SZ,000001,20190102,94324000,65,93600,13,13,28900,3400,7300,5700,4000,1700,1200,1100,900,200,2000,1100,800,
000001.SZ,000001,20190102,94324000,66,93500,14,14,28900,3400,7300,5700,4000,1700,1200,1100,900,200,2000,1100,800,83500,1000,100,100,1000,1000,500,10000,1000,6600,500,400,20000,1600,
000001.SZ,000001,20190102,94327000,65,93600,13,13,27900,3400,7300,5700,4000,1700,1200,1100,900,200,2000,1100,800,
000001.SZ,000001,20190102,94327000,66,93500,14,14,27900,3400,7300,5700,4000,1700,1200,1100,900,200,2000,1100,800,64700,1000,100,100,1000,1000,500,10000,1000,6600,500,400,20000,1600,
000001.SZ,000001,20190102,94330000,65,93600,14,14,20000,3400,7300,5700,4000,1700,1200,1100,900,200,2000,1100,800,1100,
000001.SZ,000001,20190102,94330000,66,93500,15,15,20000,3400,7300,5700,4000,1700,1200,1100,900,200,2000,1100,800,1100,51700,1000,100,100,1000,1000,500,10000,1000,6600,500,400,20000,1600,5000,
000001.SZ,000001,20190102,94333000,65,93600,14,14,20000,3400,7300,5700,4000,1700,1200,1100,900,200,2000,1100,800,1100,
000001.SZ,000001,20190102,94333000,66,93500,15,15,20000,3400,7300,5700,4000,1700,1200,1100,900,200,2000,1100,800,1100,44800,1000,100,100,1000,1000,500,10000,1000,6600,500,400,20000,1600,5000,
000001.SZ,000001,20190102,94336000,65,93600,14,14,15000,3400,7300,5700,4000,1700,1200,1100,900,200,2000,1100,800,1100,
000001.SZ,000001,20190102,94336000,66,93500,16,16,15000,3400,7300,5700,4000,1700,1200,1100,900,200,2000,1100,800,1100,36500,1000,100,100,1000,1000,500,10000,1000,6600,500,400,20000,1600,5000,1000,
000001.SZ,000001,20190102,94339000,65,93600,16,16,14600,3400,7300,5700,4000,1700,1200,1100,900,200,2000,1100,800,1100,13200,100,
000001.SZ,000001,20190102,94339000,66,93500,17,17,14600,3400,7300,5700,4000,1700,1200,1100,900,200,2000,1100,800,1100,13200,100,32900,1000,100,100,1000,1000,500,10000,1000,6600,500,400,20000,1600,5000,1000,10000,
000001.SZ,000001,20190102,94342000,65,93600,16,16,14600,3400,7300,5700,4000,1700,1200,1100,900,200,2000,1100,800,1100,13200,100,
000001.SZ,000001,20190102,94342000,66,93500,17,17,14600,3400,7300,5700,4000,1700,1200,1100,900,200,2000,1100,800,1100,13200,100,24400,1000,100,100,1000,1000,500,10000,1000,6600,500,400,20000,1600,5000,1000,10000,
000001.SZ,000001,20190102,94345000,65,93600,18,18,13100,3400,7300,5700,4000,1700,1200,1100,900,200,2000,1100,800,1100,13200,100,1300,500,
000001.SZ,000001,20190102,94345000,66,93500,20,20,13100,3400,7300,5700,4000,1700,1200,1100,900,200,2000,1100,800,1100,13200,100,1300,500,16800,1000,100,100,1000,1000,500,10000,1000,6600,500,400,20000,1600,5000,1000,10000,10000,1000,63000,
000001.SZ,000001,20190102,94348000,65,93600,18,18,13100,3400,7300,5700,4000,1700,1200,1100,900,200,2000,1100,800,1100,13200,100,1300,500,
000001.SZ,000001,20190102,94348000,66,93500,22,22,13100,3400,7300,5700,4000,1700,1200,1100,900,200,2000,1100,800,1100,13200,100,1300,500,14400,1000,100,100,1000,1000,500,10000,1000,6600,500,400,20000,1600,5000,1000,10000,10000,1000,63000,100,1000,
000001.SZ,000001,20190102,94351000,65,93600,18,18,13100,3400,7300,5700,4000,1700,1200,1100,900,200,2000,1100,800,1100,13200,100,1300,500,
000001.SZ,000001,20190102,94351000,66,93500,5,5,13100,3400,7300,5700,4000,1700,1200,1100,900,200,2000,1100,800,1100,13200,100,1300,500,47400,100,1000,10000,30000,
000001.SZ,000001,20190102,94354000,65,93500,9,9,1400,6200,1600,1900,600,49400,6800,600,2800,
000001.SZ,000001,20190102,94354000,66,93400,65,50,1400,6200,1600,1900,600,49400,6800,600,2800,4800,2200,1000,12800,400,1000,500,3000,200,600,300,100,100,2000,1400,500,2000,1000,5600,700,4700,5000,1000,1500,500,700,5000,500,2100,100,4500,200,10000,2000,500,1800,2000,100,500,500,1000,800,500,1000,2800,30000,10000,7100,6500,200,
000001.SZ,000001,20190102,94357000,65,93500,3,3,49300,2800,100,
000001.SZ,000001,20190102,94357000,66,93400,47,47,49300,2800,100,4300,700,4700,5000,1000,1500,500,700,5000,500,2100,100,4500,200,10000,2000,500,1800,2000,100,500,500,1000,800,500,2800,30000,10000,7100,6500,200,5300,500,1000,13100,400,1000,80000,1800,1100,10000,1500,1000,3300,4700,200,800,
000001.SZ,000001,20190102,94400000,65,93500,3,3,48000,2800,100,
000001.SZ,000001,20190102,94400000,66,93400,43,43,48000,2800,100,800,1500,500,700,5000,500,2100,100,4500,200,10000,2000,500,1800,2000,100,500,500,1000,800,500,2800,30000,10000,7100,6500,200,5300,500,1000,13100,400,1000,80000,1800,1100,10000,1500,1000,3300,4700,200,800,
000001.SZ,000001,20190102,94403000,65,93500,2,2,47000,2800,
000001.SZ,000001,20190102,94403000,66,93400,40,40,47000,2800,4800,500,2100,100,4500,200,10000,2000,500,1800,2000,100,500,500,1000,800,500,2800,30000,10000,7100,6500,200,5300,500,1000,13100,400,1000,80000,1800,1100,10000,1500,1000,3300,4700,200,800,300,
000001.SZ,000001,20190102,94406000,65,93500,2,2,44500,1100,
000001.SZ,000001,20190102,94406000,66,93400,41,41,44500,1100,2000,500,2100,100,4500,200,10000,2000,500,1800,2000,100,500,500,1000,800,500,2800,30000,10000,7100,6500,200,5300,500,1000,13100,400,1000,80000,1800,1100,10000,1500,1000,3300,4700,200,800,300,200,
000001.SZ,000001,20190102,94409000,65,93500,4,4,44000,1100,20000,300,
000001.SZ,000001,20190102,94409000,66,93400,40,40,44000,1100,20000,300,300,100,4500,200,10000,2000,500,1800,2000,100,500,500,1000,800,500,2800,30000,10000,7100,6500,200,5300,500,1000,13100,400,1000,80000,1800,1100,10000,1500,1000,3300,4700,200,800,300,200,1600,
000001.SZ,000001,20190102,94412000,65,93500,4,4,4200,300,3000,2700,
000001.SZ,000001,20190102,94412000,66,93400,1,1,4200,300,3000,2700,200,
000001.SZ,000001,20190102,94415000,65,93400,1,1,300,
000001.SZ,000001,20190102,94415000,66,93300,92,50,300,900,1000,1000,1000,2000,1000,10000,1000,100,1000,300,1000,500,200,3000,100,1000,1000,2500,5000,39000,1200,600,500,1600,400,3000,500,1000,500,1000,1000,500,2800,400,300,2000,10000,2000,1000,400,3200,1000,300,500,1500,1600,1000,500,1200,
000001.SZ,000001,20190102,94418000,65,93600,5,5,100,1300,500,1100,1000,
000001.SZ,000001,20190102,94418000,66,93300,76,50,100,1300,500,1100,1000,100,1000,2500,5000,39000,1200,600,500,1600,400,3000,500,1000,500,1000,1000,500,2800,400,300,2000,10000,2000,1000,400,3200,1000,300,500,1500,1600,1000,500,1200,1600,100000,600,600,20000,1000,500,60800,1000,200,1000,1000,4000,500,200,3000,
000001.SZ,000001,20190102,94421000,65,93400,1,1,300,
000001.SZ,000001,20190102,94421000,66,93300,75,50,300,1000,2500,5000,39000,1200,600,500,1600,400,3000,500,1000,500,1000,1000,500,2800,400,300,2000,10000,2000,1000,400,3200,1000,300,500,1500,1600,1000,500,1200,1600,100000,600,600,20000,1000,500,60800,1000,200,1000,1000,4000,500,200,3000,500,
000001.SZ,000001,20190102,94424000,65,93400,2,2,600,300,
000001.SZ,000001,20190102,94424000,66,93300,72,50,600,300,37900,1200,600,500,1600,400,3000,500,1000,500,1000,1000,500,2800,400,300,2000,10000,2000,1000,400,3200,1000,300,500,1500,1600,1000,500,1200,1600,100000,600,600,20000,1000,500,60800,1000,200,1000,1000,4000,500,200,3000,500,400,1000,100,
000001.SZ,000001,20190102,94427000,65,93600,6,6,1300,500,1100,1000,80000,3700,
000001.SZ,000001,20190102,94427000,66,93500,1,1,1300,500,1100,1000,80000,3700,8800,
000001.SZ,000001,20190102,94430000,65,93500,12,12,8800,1100,1800,8800,400,400,8100,1000,1000,7400,100,2500,
000001.SZ,000001,20190102,94430000,66,93400,2,2,8800,1100,1800,8800,400,400,8100,1000,1000,7400,100,2500,58300,500,
000001.SZ,000001,20190102,94433000,65,93400,3,3,1100,1000,100,
000001.SZ,000001,20190102,94433000,66,93300,73,50,1100,1000,100,34500,1200,600,500,1600,400,3000,500,1000,500,1000,1000,500,2800,400,300,2000,10000,2000,1000,400,3200,1000,300,500,1500,1600,1000,500,1200,1600,100000,600,600,20000,1000,500,60800,1000,200,1000,1000,4000,500,200,3000,500,400,1000,100,
000001.SZ,000001,20190102,94436000,65,93400,1,1,19700,
000001.SZ,000001,20190102,94436000,66,93300,68,50,19700,900,500,1000,500,1000,1000,500,2800,400,300,2000,10000,2000,1000,400,3200,1000,300,500,1500,1600,1000,500,1200,1600,100000,600,600,20000,1000,500,60800,1000,200,1000,1000,4000,500,200,3000,500,400,1000,100,20000,1000,200,1000,2000,1000,
000001.SZ,000001,20190102,94439000,65,93400,2,2,16700,1400,
000001.SZ,000001,20190102,94439000,66,93300,44,44,16700,1400,84800,600,600,20000,1000,500,60800,1000,200,1000,1000,4000,500,200,3000,500,400,1000,100,20000,1000,200,1000,2000,1000,200,10700,2000,600,1300,59500,2000,100,10000,7000,3400,100,800,700,1000,200,300,10000,200,
000001.SZ,000001,20190102,94442000,65,93400,2,2,10700,1400,
000001.SZ,000001,20190102,94442000,66,93300,45,45,10700,1400,8800,600,600,20000,1000,500,60800,1000,200,1000,1000,4000,500,200,3000,500,400,1000,100,20000,1000,200,1000,2000,1000,200,10700,2000,600,1300,59500,2000,100,10000,7000,3400,100,800,700,1000,200,300,10000,200,1600,
000001.SZ,000001,20190102,94445000,65,93500,9,9,8800,8800,8100,7400,100,2500,2100,1000,500,
000001.SZ,000001,20190102,94445000,66,93300,40,40,8800,8800,8100,7400,100,2500,2100,1000,500,48600,1000,200,1000,1000,4000,500,200,3000,500,400,1000,100,20000,1000,200,1000,2000,1000,200,10700,2000,600,1300,59500,2000,100,10000,7000,3400,100,800,700,1000,200,300,10000,200,1600,2200,
000001.SZ,000001,20190102,94448000,65,93400,1,1,200,
000001.SZ,000001,20190102,94448000,66,93300,40,40,200,14300,1000,200,1000,1000,4000,500,200,3000,500,400,1000,100,20000,1000,200,1000,2000,1000,200,10700,2000,600,1300,59500,2000,100,10000,7000,3400,100,800,700,1000,200,300,10000,200,1600,2200,
000001.SZ,000001,20190102,94451000,65,93300,3,3,25637,700,1100,
000001.SZ,000001,20190102,94451000,66,93200,37,37,25637,700,1100,29900,3200,1000,4000,2000,3000,1000,600,6900,100,600,1000,1000,3000,2600,100,1000,9000,1000,100,10000,1000,500,10000,2400,50000,1000,3000,3000,1500,1100,300,1200,1000,1000,2700,200,
000001.SZ,000001,20190102,94454000,65,93400,2,2,23537,30000,
000001.SZ,000001,20190102,94454000,66,93300,2,2,23537,30000,300,1000,
000001.SZ,000001,20190102,94457000,65,93300,4,4,900,1300,2500,6800,
000001.SZ,000001,20190102,94457000,66,93200,17,17,900,1300,2500,6800,6400,1000,500,10000,2400,50000,1000,3000,3000,1500,1100,300,1200,1000,1000,2700,200,
000001.SZ,000001,20190102,94500000,65,93300,2,2,4300,50000,
000001.SZ,000001,20190102,94500000,66,93200,13,13,4300,50000,29600,1000,3000,3000,1500,1100,300,1200,1000,1000,2700,200,1000,
000001.SZ,000001,20190102,94503000,65,93200,1,1,16100,
000001.SZ,000001,20190102,94503000,66,93100,65,50,16100,100,1000,100,2100,1000,149100,2300,1000,1500,500,2000,1000,1000,1800,10000,2800,1500,1000,1000,3400,2000,1000,100,2000,1400,4000,1100,1000,2000,1000,3000,40600,600,800,200,800,500,3000,5000,1400,2300,30000,10000,2000,1000,2000,5000,3500,1000,10000,
000001.SZ,000001,20190102,94506000,65,93200,5,5,5100,43200,32100,1000,600,
000001.SZ,000001,20190102,94506000,66,93100,60,50,5100,43200,32100,1000,600,76200,2300,1000,1500,500,2000,1000,1000,1800,10000,2800,1500,1000,1000,3400,2000,1000,100,2000,1400,4000,1100,1000,2000,1000,3000,40600,600,800,200,800,500,3000,5000,1400,2300,30000,10000,2000,1000,2000,5000,3500,1000,10000,10000,600,10000,3000,2200,
000001.SZ,000001,20190102,94509000,65,93200,5,5,5100,43200,1000,600,26700,
000001.SZ,000001,20190102,94509000,66,93100,16,16,5100,43200,1000,600,26700,8253,600,10000,3000,2200,300,11000,25000,500,1000,700,2000,1000,1000,1000,5000,
000001.SZ,000001,20190102,94512000,65,93000,2,2,15000,6700,
000001.SZ,000001,20190102,94512000,66,92900,28,28,15000,6700,200,1000,1800,100,1500,100,200,6100,1300,700,500,900,200,2200,3000,600,3000,200,600,100,100,2900,100,500,1300,200,1400,2000,
000001.SZ,000001,20190102,94515000,65,92900,4,4,13800,10000,400,2400,
000001.SZ,000001,20190102,94515000,66,92800,49,49,13800,10000,400,2400,1700,2000,1000,2000,300,3000,5900,6200,2700,1100,100,3500,3000,100,4000,10600,900,100,1000,200,2000,10000,200,700,6000,400,700,1000,200,800,1200,500,100,2000,100,2500,800,2100,1000,2000,1200,10000,100,5000,4800,200,2000,1000,500,
000001.SZ,000001,20190102,94518000,65,92900,5,5,12400,10000,400,2400,26600,
000001.SZ,000001,20190102,94518000,66,92800,10,10,12400,10000,400,2400,26600,900,1200,10000,100,5000,4800,200,2000,1000,500,
000001.SZ,000001,20190102,94521000,65,92800,1,1,2900,
000001.SZ,000001,20190102,94521000,66,92700,15,15,2900,2200,100,2000,1500,10000,3000,600,200,1000,500,3000,1000,1200,3200,1500,
000001.SZ,000001,20190102,94524000,65,92700,4,4,2700,2600,500,400,
000001.SZ,000001,20190102,94524000,66,92600,12,12,2700,2600,500,400,2900,400,400,3000,3700,600,10000,1000,2000,1000,10000,500,
000001.SZ,000001,20190102,94527000,65,92700,4,4,1200,2600,500,400,
000001.SZ,000001,20190102,94527000,66,92600,8,8,1200,2600,500,400,2200,1000,2000,1000,10000,500,400,500,
000001.SZ,000001,20190102,94530000,65,92800,7,7,2700,1100,11400,1000,6600,2000,200,
000001.SZ,000001,20190102,94530000,66,92700,1,1,2700,1100,11400,1000,6600,2000,200,300,
000001.SZ,000001,20190102,94533000,65,92700,1,1,1000,
000001.SZ,000001,20190102,94533000,66,92600,1,1,1000,3000,
000001.SZ,000001,20190102,94536000,65,92700,2,2,5900,3000,
000001.SZ,000001,20190102,94536000,66,92600,1,1,5900,3000,1000,
000001.SZ,000001,20190102,94539000,65,92700,2,2,2700,3000,
000001.SZ,000001,20190102,94539000,66,92600,3,3,2700,3000,4600,52000,300,
000001.SZ,000001,20190102,94542000,65,92700,3,3,2100,3000,1800,
000001.SZ,000001,20190102,94542000,66,92600,3,3,2100,3000,1800,17200,2000,500,
000001.SZ,000001,20190102,94545000,65,92700,3,3,1400,3000,1800,
000001.SZ,000001,20190102,94545000,66,92600,6,6,1400,3000,1800,7700,2000,500,100,10700,300,
000001.SZ,000001,20190102,94548000,65,92700,2,2,300,1800,
000001.SZ,000001,20190102,94548000,66,92600,5,5,300,1800,6500,300,5500,1600,4300,
000001.SZ,000001,20190102,94551000,65,92800,8,8,2700,1100,1000,6600,2000,200,3000,9800,
000001.SZ,000001,20190102,94551000,66,92700,2,2,2700,1100,1000,6600,2000,200,3000,9800,500,700,
000001.SZ,000001,20190102,94554000,65,92800,6,6,4500,2000,200,3000,9800,1100,
000001.SZ,000001,20190102,94554000,66,92700,2,2,4500,2000,200,3000,9800,1100,4100,5800,
000001.SZ,000001,20190102,94557000,65,92700,1,1,1000,
000001.SZ,000001,20190102,94557000,66,92600,15,15,1000,1300,1000,5000,300,1100,5000,1100,2000,10000,2000,1500,10000,200,100,1100,
000001.SZ,000001,20190102,94600000,65,92700,1,1,1000,
000001.SZ,000001,20190102,94600000,66,92600,15,15,1000,2100,1100,2000,10000,2000,1500,10000,200,100,1100,500,1000,500,500,4000,
000001.SZ,000001,20190102,94603000,65,92800,1,1,400,
000001.SZ,000001,20190102,94603000,66,92600,4,4,400,2200,5000,500,600,
000001.SZ,000001,20190102,94606000,65,92800,1,1,400,
000001.SZ,000001,20190102,94606000,66,92700,1,1,400,97100,
000001.SZ,000001,20190102,94609000,65,92900,1,1,2400,
000001.SZ,000001,20190102,94609000,66,92800,1,1,2400,18400,
000001.SZ,000001,20190102,94612000,65,92800,1,1,2400,
000001.SZ,000001,20190102,94612000,66,92700,6,6,2400,95600,2000,100,4100,500,400,
000001.SZ,000001,20190102,94615000,65,92800,2,2,1600,10000,
000001.SZ,000001,20190102,94615000,66,92700,7,7,1600,10000,44100,2000,100,4100,500,400,1000,
000001.SZ,000001,20190102,94618000,65,92900,1,1,1500,
000001.SZ,000001,20190102,94618000,66,92800,2,2,1500,200,1000,
000001.SZ,000001,20190102,94621000,65,92900,1,1,1300,
000001.SZ,000001,20190102,94621000,66,92800,1,1,1300,500,
000001.SZ,000001,20190102,94624000,65,92900,2,2,1300,1000,
000001.SZ,000001,20190102,94624000,66,92800,2,2,1300,1000,300,1100,
000001.SZ,000001,20190102,94627000,65,92900,2,2,1300,1000,
000001.SZ,000001,20190102,94627000,66,92800,1,1,1300,1000,1800,
000001.SZ,000001,20190102,94630000,65,93000,4,4,2000,5000,10000,110000,
000001.SZ,000001,20190102,94630000,66,92900,2,2,2000,5000,10000,110000,5900,1600,
000001.SZ,000001,20190102,94633000,65,92900,5,5,6200,7500,400,400,6700,
000001.SZ,000001,20190102,94633000,66,92800,3,3,6200,7500,400,400,6700,8700,19300,1000,
000001.SZ,000001,20190102,94636000,65,92900,6,6,5200,7500,400,400,6700,4000,
000001.SZ,000001,20190102,94636000,66,92800,6,6,5200,7500,400,400,6700,4000,8400,1000,100000,500,300,500,
000001.SZ,000001,20190102,94639000,65,92900,4,4,3500,7500,6700,4000,
000001.SZ,000001,20190102,94639000,66,92800,4,4,3500,7500,6700,4000,92400,500,300,500,
000001.SZ,000001,20190102,94642000,65,92900,5,5,6900,6700,4000,1000,50000,
000001.SZ,000001,20190102,94642000,66,92800,6,6,6900,6700,4000,1000,50000,16300,500,300,500,500,500,
000001.SZ,000001,20190102,94645000,65,92900,4,4,5500,4000,1000,50000,
000001.SZ,000001,20190102,94645000,66,92800,7,7,5500,4000,1000,50000,400,300,500,500,500,1400,100,
000001.SZ,000001,20190102,94648000,65,92800,2,2,1900,800,
000001.SZ,000001,20190102,94648000,66,92700,37,37,1900,800,1100,500,400,1000,100,2200,3000,1100,1000,5000,2600,1400,500,500,2000,100,1500,10000,600,1000,1000,1000,500,300,2000,400,200,400,2100,10000,5000,100,200,2500,2000,2300,5000,
000001.SZ,000001,20190102,94651000,65,92900,4,4,3200,4000,1000,50000,
000001.SZ,000001,20190102,94651000,66,92800,1,1,3200,4000,1000,50000,1000,
000001.SZ,000001,20190102,94654000,65,92800,2,2,800,3400,
000001.SZ,000001,20190102,94654000,66,92700,1,1,800,3400,300,
000001.SZ,000001,20190102,94657000,65,92800,5,5,1900,3300,100,10000,5800,
000001.SZ,000001,20190102,94657000,66,92700,1,1,1900,3300,100,10000,5800,1000,
000001.SZ,000001,20190102,94700000,65,92800,4,4,1600,3300,10000,5800,
000001.SZ,000001,20190102,94700000,66,92700,1,1,1600,3300,10000,5800,200,
000001.SZ,000001,20190102,94703000,65,92800,4,4,2100,10000,5800,20000,
000001.SZ,000001,20190102,94703000,66,92700,8,8,2100,10000,5800,20000,300,500,1400,900,39000,1700,1000,2000,
000001.SZ,000001,20190102,94706000,65,92800,3,3,4300,5800,20000,
000001.SZ,000001,20190102,94706000,66,92700,5,5,4300,5800,20000,20700,1700,1000,2000,1000,
000001.SZ,000001,20190102,94709000,65,92800,4,4,2800,5800,20000,200,
000001.SZ,000001,20190102,94709000,66,92700,6,6,2800,5800,20000,200,11900,1700,1000,2000,1000,700,
000001.SZ,000001,20190102,94712000,65,92800,2,2,1900,200,
000001.SZ,000001,20190102,94712000,66,92600,16,16,1900,200,900,1000,5300,900,5000,1100,500,3000,2000,1000,100,3000,3500,2000,1000,500,
000001.SZ,000001,20190102,94715000,65,92800,2,2,1900,200,
000001.SZ,000001,20190102,94715000,66,92700,1,1,1900,200,4500,
000001.SZ,000001,20190102,94718000,65,92800,4,4,1900,200,1600,10000,
000001.SZ,000001,20190102,94718000,66,92700,2,2,1900,200,1600,10000,2500,800,
000001.SZ,000001,20190102,94721000,65,92700,1,1,5100,
000001.SZ,000001,20190102,94721000,66,92600,14,14,5100,900,100,3000,3500,2000,1000,500,6000,1000,500,400,1200,2000,500,
000001.SZ,000001,20190102,94724000,65,92800,2,2,6000,500,
000001.SZ,000001,20190102,94724000,66,92700,1,1,6000,500,9800,
000001.SZ,000001,20190102,94727000,65,92800,4,4,6000,500,1300,1100,
000001.SZ,000001,20190102,94727000,66,92700,4,4,6000,500,1300,1100,7900,700,200,500,
000001.SZ,000001,20190102,94730000,65,92700,1,1,1000,
000001.SZ,000001,20190102,94730000,66,92600,23,23,1000,200,3500,2000,1000,500,6000,1000,500,400,1200,2000,500,12500,2700,2000,19100,6300,1000,1000,1000,1000,2000,1000,
000001.SZ,000001,20190102,94733000,65,92800,6,6,6000,500,1300,1100,3600,5000,
000001.SZ,000001,20190102,94733000,66,92600,23,23,6000,500,1300,1100,3600,5000,1000,1000,500,6000,1000,500,400,1200,2000,500,12500,2700,2000,19100,6300,1000,1000,1000,1000,2000,1000,500,1500,
000001.SZ,000001,20190102,94736000,65,92800,3,3,100,5000,1700,
000001.SZ,000001,20190102,94736000,66,92700,2,2,100,5000,1700,3300,1000,
000001.SZ,000001,20190102,94739000,65,92800,4,4,4800,1700,8100,100,
000001.SZ,000001,20190102,94739000,66,92700,1,1,4800,1700,8100,100,5800,
000001.SZ,000001,20190102,94742000,65,92800,5,5,2000,1700,8100,100,5500,
000001.SZ,000001,20190102,94742000,66,92600,25,25,2000,1700,8100,100,5500,2100,2000,19100,6300,1000,1000,1000,1000,2000,1000,500,1500,100,2500,1000,500,1000,200,5000,1000,200,800,10000,5000,200,
000001.SZ,000001,20190102,94745000,65,92800,5,5,1900,1700,8100,100,5500,
000001.SZ,000001,20190102,94745000,66,92700,3,3,1900,1700,8100,100,5500,11300,1000,600,
000001.SZ,000001,20190102,94748000,65,92800,5,5,1900,1700,8100,100,5500,
000001.SZ,000001,20190102,94748000,66,92700,2,2,1900,1700,8100,100,5500,96600,2100,
000001.SZ,000001,20190102,94751000,65,92800,3,3,1800,1700,100,
000001.SZ,000001,20190102,94751000,66,92700,3,3,1800,1700,100,72600,2100,1400,
000001.SZ,000001,20190102,94754000,65,92700,2,2,200,500,
000001.SZ,000001,20190102,94754000,66,92600,37,37,200,500,1300,1000,1000,1000,1000,2000,1000,500,1500,100,2500,1000,500,1000,200,5000,1000,200,800,10000,5000,200,10000,1000,500,1000,2200,1500,3000,1500,1000,2200,600,500,1000,1000,500,
000001.SZ,000001,20190102,94757000,65,92700,3,3,24800,2000,1000,
000001.SZ,000001,20190102,94757000,66,92600,23,23,24800,2000,1000,9000,5000,200,10000,1000,500,1000,2200,1500,3000,1500,1000,2200,600,500,1000,1000,500,1000,2000,1000,4700,51600,
000001.SZ,000001,20190102,94800000,65,92700,3,3,14800,2000,1000,
000001.SZ,000001,20190102,94800000,66,92600,5,5,14800,2000,1000,23500,2000,1100,1000,1000,
000001.SZ,000001,20190102,94803000,65,92700,3,3,2300,2000,1000,
000001.SZ,000001,20190102,94803000,66,92500,77,50,2300,2000,1000,900,3000,200,2000,5000,8300,10000,1000,1000,400,3900,100,5000,600,1000,300,100,4000,100,1000,500,600,3000,500,3000,1800,5600,600,1000,1000,200,1000,3000,100,4000,1600,600,1000,900,1000,5000,3300,800,500,100,500,1000,1500,50000,500,
000001.SZ,000001,20190102,94806000,65,92700,3,3,1000,2000,1000,
000001.SZ,000001,20190102,94806000,66,92600,4,4,1000,2000,1000,48000,1000,800,2000,
000001.SZ,000001,20190102,94809000,65,92700,3,3,900,2000,1000,
000001.SZ,000001,20190102,94809000,66,92600,5,5,900,2000,1000,500,1100,1000,1100,2000,
000001.SZ,000001,20190102,94812000,65,92700,1,1,7100,
000001.SZ,000001,20190102,94812000,66,92600,4,4,7100,100,300,100,5000,
000001.SZ,000001,20190102,94815000,65,92600,2,2,1400,5500,
000001.SZ,000001,20190102,94815000,66,92500,38,38,1400,5500,29000,500,100,1000,10000,19100,1400,1000,2000,2500,800,1000,1000,5000,500,4000,900,1000,1000,2000,1400,2000,5000,500,100,10000,500,5000,1200,1000,100,1000,500,800,500,6000,200,300,
000001.SZ,000001,20190102,94818000,65,92800,8,8,800,1700,100,1100,20000,7700,50000,800,
000001.SZ,000001,20190102,94818000,66,92600,1,1,800,1700,100,1100,20000,7700,50000,800,1900,
000001.SZ,000001,20190102,94821000,65,92500,1,1,181800,
000001.SZ,000001,20190102,94821000,66,92400,32,32,181800,100,1000,2000,18300,200,200,600,700,2500,2000,300,2000,500,3000,900,200,500,400,100,10000,100,20000,600,1000,1000,200,100,1000,10000,1000,1000,1500,
000001.SZ,000001,20190102,94824000,65,92500,2,2,70500,2000,
000001.SZ,000001,20190102,94824000,66,92300,17,17,70500,2000,700,1000,10000,2000,300,2000,10000,48700,1000,200,700,3000,1000,1000,200,200,314600,
000001.SZ,000001,20190102,94827000,65,92400,1,1,1000,
000001.SZ,000001,20190102,94827000,66,92300,1,1,1000,293300,
000001.SZ,000001,20190102,94830000,65,92500,2,2,60400,2000,
000001.SZ,000001,20190102,94830000,66,92300,2,2,60400,2000,132900,100,
000001.SZ,000001,20190102,94833000,65,92500,3,3,56900,2000,500,
000001.SZ,000001,20190102,94833000,66,92400,1,1,56900,2000,500,24500,
000001.SZ,000001,20190102,94836000,65,92500,4,4,56700,2000,500,700,
000001.SZ,000001,20190102,94836000,66,92400,1,1,56700,2000,500,700,19800,
000001.SZ,000001,20190102,94839000,65,92300,1,1,5900,
000001.SZ,000001,20190102,94839000,66,92200,18,18,5900,2200,500,2000,800,3000,2000,1900,600,3000,1000,15000,1000,10000,1000,500,500,1000,3200,
000001.SZ,000001,20190102,94842000,65,92400,1,1,400,
000001.SZ,000001,20190102,94842000,66,92300,3,3,400,2000,500,5000,
000001.SZ,000001,20190102,94845000,65,92400,2,2,200,500,
000001.SZ,000001,20190102,94845000,66,92300,2,2,200,500,900,2900,
000001.SZ,000001,20190102,94848000,65,92400,4,4,200,500,10000,4100,
000001.SZ,000001,20190102,94848000,66,92300,7,7,200,500,10000,4100,600,4800,10000,100,3000,10000,2000,
000001.SZ,000001,20190102,94851000,65,92400,3,3,500,10000,4100,
000001.SZ,000001,20190102,94851000,66,92300,10,10,500,10000,4100,3500,100,3000,10000,2000,400,6400,1000,100,1100,
000001.SZ,000001,20190102,94854000,65,92400,4,4,8200,4100,3100,1000,
000001.SZ,000001,20190102,94854000,66,92300,15,15,8200,4100,3100,1000,2100,10000,2000,400,6400,1000,100,1100,500,1000,1000,900,2000,3500,1000,
000001.SZ,000001,20190102,94857000,65,92400,5,5,7200,4100,3100,1000,50000,
000001.SZ,000001,20190102,94857000,66,92300,17,17,7200,4100,3100,1000,50000,10000,2000,400,6400,1000,100,1100,500,1000,1000,900,2000,3500,1000,1500,500,3800,
000001.SZ,000001,20190102,94900000,65,92400,6,6,1300,4100,3100,1000,50000,1000,
000001.SZ,000001,20190102,94900000,66,92300,21,21,1300,4100,3100,1000,50000,1000,6800,2000,400,6400,1000,100,1100,500,1000,1000,900,2000,3500,1000,1500,500,3800,1600,500,1000,1100,
000001.SZ,000001,20190102,94903000,65,92400,5,5,1500,3100,1000,50000,1000,
000001.SZ,000001,20190102,94903000,66,92300,12,12,1500,3100,1000,50000,1000,1500,1000,1500,500,3800,1600,500,1000,1100,3000,400,500,
000001.SZ,000001,20190102,94906000,65,92400,2,2,46100,1000,
000001.SZ,000001,20190102,94906000,66,92300,2,2,46100,1000,500,100,
000001.SZ,000001,20190102,94909000,65,92400,2,2,45900,1000,
000001.SZ,000001,20190102,94909000,66,92300,2,2,45900,1000,6000,500,
000001.SZ,000001,20190102,94912000,65,92400,3,3,30600,1000,2000,
000001.SZ,000001,20190102,94912000,66,92200,14,14,30600,1000,2000,8900,500,1000,1500,5000,1000,1000,4600,500,7000,1000,10000,1000,1000,
000001.SZ,000001,20190102,94915000,65,92400,3,3,27900,1000,2000,
000001.SZ,000001,20190102,94915000,66,92300,6,6,27900,1000,2000,200,900,300,300,200,3000,
000001.SZ,000001,20190102,94918000,65,92400,3,3,24700,1000,2000,
000001.SZ,000001,20190102,94918000,66,92300,11,11,24700,1000,2000,800,300,300,200,3000,1000,85000,2000,2500,1000,200,
000001.SZ,000001,20190102,94921000,65,92500,6,6,51800,2000,700,11100,1900,1900,
000001.SZ,000001,20190102,94921000,66,92400,2,2,51800,2000,700,11100,1900,1900,100,1000,
000001.SZ,000001,20190102,94924000,65,92500,6,6,51800,2000,700,11100,1900,1900,
000001.SZ,000001,20190102,94924000,66,92400,1,1,51800,2000,700,11100,1900,1900,200,
000001.SZ,000001,20190102,94927000,65,92400,1,1,300,
000001.SZ,000001,20190102,94927000,66,92300,11,11,300,31700,2000,2500,1000,200,100,1000,400,7000,2200,500,
000001.SZ,000001,20190102,94930000,65,92500,7,7,51800,2000,700,11100,1900,1900,1900,
000001.SZ,000001,20190102,94930000,66,92400,9,9,51800,2000,700,11100,1900,1900,1900,300,300,100,100,300,100,2500,1000,1100,
000001.SZ,000001,20190102,94933000,65,92500,7,7,47700,2000,700,11100,1900,1900,1900,
000001.SZ,000001,20190102,94933000,66,92400,6,6,47700,2000,700,11100,1900,1900,1900,2400,1000,1100,2000,100,3000,
000001.SZ,000001,20190102,94936000,65,92500,6,6,36500,2000,700,11100,1900,1900,
000001.SZ,000001,20190102,94936000,66,92400,11,11,36500,2000,700,11100,1900,1900,1500,1000,1100,2000,100,3000,800,5400,10000,20000,10000,
000001.SZ,000001,20190102,94939000,65,92500,6,6,27900,2000,700,11100,1900,1900,
000001.SZ,000001,20190102,94939000,66,92400,16,16,27900,2000,700,11100,1900,1900,500,1000,1100,2000,100,3000,800,5400,10000,20000,10000,2000,2000,300,500,1000,
000001.SZ,000001,20190102,94942000,65,92700,2,2,1000,15000,
000001.SZ,000001,20190102,94942000,66,92600,1,1,1000,15000,9000,
000001.SZ,000001,20190102,94945000,65,92700,1,1,15000,
000001.SZ,000001,20190102,94945000,66,92600,1,1,15000,4800,
000001.SZ,000001,20190102,94948000,65,92700,2,2,15000,700,
000001.SZ,000001,20190102,94948000,66,92600,1,1,15000,700,4300,
000001.SZ,000001,20190102,94951000,65,92700,2,2,13800,700,
000001.SZ,000001,20190102,94951000,66,92600,2,2,13800,700,4300,20000,
000001.SZ,000001,20190102,94954000,65,92700,4,4,8500,700,200,10000,
000001.SZ,000001,20190102,94954000,66,92600,2,2,8500,700,200,10000,300,300,
000001.SZ,000001,20190102,94957000,65,92700,7,7,7500,700,200,10000,29000,1200,25200,
000001.SZ,000001,20190102,94957000,66,92600,1,1,7500,700,200,10000,29000,1200,25200,1400,
000001.SZ,000001,20190102,95000000,65,92700,10,10,5400,700,200,10000,29000,1200,25200,3000,6000,7960,
000001.SZ,000001,20190102,95000000,66,92600,2,2,5400,700,200,10000,29000,1200,25200,3000,6000,7960,500,400,
000001.SZ,000001,20190102,95003000,65,92600,3,3,16400,900,200,
000001.SZ,000001,20190102,95003000,66,92500,2,2,16400,900,200,1400,500,
000001.SZ,000001,20190102,95006000,65,92600,8,8,16400,900,200,24600,1600,5000,4000,10000,
000001.SZ,000001,20190102,95006000,66,92500,1,1,16400,900,200,24600,1600,5000,4000,10000,3000,
000001.SZ,000001,20190102,95009000,65,92600,6,6,14000,24600,1600,5000,4000,10000,
000001.SZ,000001,20190102,95009000,66,92500,2,2,14000,24600,1600,5000,4000,10000,2500,2000,
000001.SZ,000001,20190102,95012000,65,92500,1,1,8100,
000001.SZ,000001,20190102,95012000,66,92400,19,19,8100,7700,20000,10000,2000,300,500,1000,10000,1000,700,1500,3000,4500,500,400,200,1700,3000,200,
000001.SZ,000001,20190102,95015000,65,92600,5,5,13000,1600,5000,4000,10000,
000001.SZ,000001,20190102,95015000,66,92500,3,3,13000,1600,5000,4000,10000,1600,10000,600,
000001.SZ,000001,20190102,95018000,65,92600,5,5,12400,1600,5000,4000,10000,
000001.SZ,000001,20190102,95018000,66,92500,10,10,12400,1600,5000,4000,10000,1100,10000,600,300,10000,100000,900,2000,4100,5400,
000001.SZ,000001,20190102,95021000,65,92700,10,10,200,200,29000,1200,25200,3000,6000,7960,1000,300,
000001.SZ,000001,20190102,95021000,66,92600,1,1,200,200,29000,1200,25200,3000,6000,7960,1000,300,2000,
000001.SZ,000001,20190102,95024000,65,92600,3,3,19000,5600,3900,
000001.SZ,000001,20190102,95024000,66,92500,15,15,19000,5600,3900,87500,900,2000,4100,5400,300,5000,1000,200,3000,1000,10000,1000,1200,2000,
000001.SZ,000001,20190102,95027000,65,92600,3,3,6700,5600,3900,
000001.SZ,000001,20190102,95027000,66,92500,16,16,6700,5600,3900,87300,900,2000,4100,5400,300,5000,1000,200,3000,1000,10000,1000,1200,2000,800,
000001.SZ,000001,20190102,95030000,65,92600,3,3,4200,5600,3900,
000001.SZ,000001,20190102,95030000,66,92500,19,19,4200,5600,3900,80600,900,2000,4100,5400,300,5000,1000,200,3000,1000,10000,1000,1200,2000,800,200,100,600,
000001.SZ,000001,20190102,95033000,65,92600,4,4,1500,5600,3900,50000,
000001.SZ,000001,20190102,95033000,66,92500,22,22,1500,5600,3900,50000,75300,900,2000,4100,5400,300,5000,1000,200,3000,1000,10000,1000,1200,2000,800,200,100,600,800,100,900,
000001.SZ,000001,20190102,95036000,65,92600,6,6,2800,3900,50000,100,5000,10000,
000001.SZ,000001,20190102,95036000,66,92500,23,23,2800,3900,50000,100,5000,10000,62300,900,2000,4100,5400,300,5000,1000,200,3000,1000,10000,1000,1200,2000,800,200,100,600,800,100,900,600,
000001.SZ,000001,20190102,95039000,65,92600,7,7,1200,50000,100,5000,10000,12000,2000,
