万得代码,交易所代码,自然日,时间,委托编号,交易所委托号,委托类型,委托代码,委托价格,委托数量,
000001.SZ,000001,20190102,91500010,0,181,0,S,94900,600
000001.SZ,000001,20190102,91500010,0,182,0,B,103200,3700
000001.SZ,000001,20190102,91500010,0,190,0,B,91800,200
000001.SZ,000001,20190102,91500010,0,225,0,B,91300,800
000001.SZ,000001,20190102,91500020,0,313,0,B,93800,100
000001.SZ,000001,20190102,91500020,0,338,0,B,88300,300
000001.SZ,000001,20190102,91500020,0,359,0,B,90100,1200
000001.SZ,000001,20190102,91500020,0,373,0,B,93400,900
000001.SZ,000001,20190102,91500020,0,400,0,S,95900,600
000001.SZ,000001,20190102,91500020,0,465,0,S,103200,304400
000001.SZ,000001,20190102,91500030,0,501,0,S,93800,100
000001.SZ,000001,20190102,91500030,0,642,0,B,90000,100
000001.SZ,000001,20190102,91500030,0,691,0,B,93900,3300
000001.SZ,000001,20190102,91500040,0,733,0,S,94400,100
000001.SZ,000001,20190102,91500040,0,768,0,B,93900,100
000001.SZ,000001,20190102,91500040,0,814,0,B,93800,400
000001.SZ,000001,20190102,91500040,0,856,0,B,93500,500
000001.SZ,000001,20190102,91500050,0,908,0,B,93500,1300
000001.SZ,000001,20190102,91500050,0,924,0,S,103200,500
000001.SZ,000001,20190102,91500050,0,1029,0,S,96000,600
000001.SZ,000001,20190102,91500050,0,1063,0,B,91900,1000
000001.SZ,000001,20190102,91500060,0,1163,0,B,92100,20000
000001.SZ,000001,20190102,91500060,0,1213,0,S,95600,1100
000001.SZ,000001,20190102,91500060,0,1216,0,B,90600,1100
000001.SZ,000001,20190102,91500060,0,1249,0,B,90000,100
000001.SZ,000001,20190102,91500060,0,1254,0,S,95900,1800
000001.SZ,000001,20190102,91500060,0,1340,0,B,91000,1000
000001.SZ,000001,20190102,91500060,0,1380,0,S,94800,200
000001.SZ,000001,20190102,91500070,0,1470,0,S,99900,1000
000001.SZ,000001,20190102,91500070,0,1486,0,S,98400,1100
000001.SZ,000001,20190102,91500070,0,1491,0,S,99000,1000
000001.SZ,000001,20190102,91500070,0,1569,0,S,94300,100
000001.SZ,000001,20190102,91500070,0,1587,0,B,93800,200
000001.SZ,000001,20190102,91500070,0,1617,0,B,86000,2000
000001.SZ,000001,20190102,91500070,0,1622,0,S,95900,300
000001.SZ,000001,20190102,91500070,0,1624,0,S,96900,300
000001.SZ,000001,20190102,91500070,0,1640,0,S,97900,300
000001.SZ,000001,20190102,91500080,0,1841,0,B,93900,100
000001.SZ,000001,20190102,91500080,0,1899,0,B,92000,300
000001.SZ,000001,20190102,91500080,0,1959,0,S,96900,500
000001.SZ,000001,20190102,91500080,0,1984,0,S,95800,800
000001.SZ,000001,20190102,91500080,0,1996,0,S,94900,3000
000001.SZ,000001,20190102,91500080,0,1999,0,S,95400,3000
000001.SZ,000001,20190102,91500080,0,2052,0,S,102000,200
000001.SZ,000001,20190102,91500080,0,2055,0,S,100000,500
000001.SZ,000001,20190102,91500080,0,2058,0,S,102500,500
000001.SZ,000001,20190102,91500080,0,2064,0,B,90000,500
000001.SZ,000001,20190102,91500080,0,2088,0,B,90500,1000
000001.SZ,000001,20190102,91500080,0,2094,0,B,88000,1000
000001.SZ,000001,20190102,91500090,0,2160,0,B,93900,200
000001.SZ,000001,20190102,91500090,0,2205,0,S,98300,1000
000001.SZ,000001,20190102,91500090,0,2208,0,S,100800,1000
000001.SZ,000001,20190102,91500090,0,2217,0,S,102300,1000
000001.SZ,000001,20190102,91500090,0,2233,0,S,103000,300
000001.SZ,000001,20190102,91500090,0,2288,0,S,96000,4000
000001.SZ,000001,20190102,91500090,0,2289,0,S,100000,4000
000001.SZ,000001,20190102,91500090,0,2290,0,S,103200,4000
000001.SZ,000001,20190102,91500090,0,2516,0,S,94800,2000
000001.SZ,000001,20190102,91500090,0,2561,0,B,91600,2800
000001.SZ,000001,20190102,91500090,0,2562,0,B,85700,3500
000001.SZ,000001,20190102,91500090,0,2587,0,S,94800,1800
000001.SZ,000001,20190102,91500090,0,2605,0,B,89000,10000
000001.SZ,000001,20190102,91500090,0,2645,0,S,100000,20000
000001.SZ,000001,20190102,91500090,0,2672,0,S,102800,1800
000001.SZ,000001,20190102,91500090,0,2723,0,S,100700,30000
000001.SZ,000001,20190102,91500100,0,2824,0,B,93000,600
000001.SZ,000001,20190102,91500100,0,2847,0,S,103200,1100
000001.SZ,000001,20190102,91500100,0,2907,0,B,93000,15900
000001.SZ,000001,20190102,91500100,0,2908,0,B,93900,2800
000001.SZ,000001,20190102,91500100,0,2953,0,B,93100,100
000001.SZ,000001,20190102,91500100,0,2981,0,S,95500,1500
000001.SZ,000001,20190102,91500100,0,2982,0,S,97800,1500
000001.SZ,000001,20190102,91500100,0,3046,0,S,98800,6200
000001.SZ,000001,20190102,91500100,0,3119,0,S,98000,5200
000001.SZ,000001,20190102,91500110,0,3236,0,S,95900,3100
000001.SZ,000001,20190102,91500110,0,3238,0,S,97900,3000
000001.SZ,000001,20190102,91500110,0,3241,0,S,99900,3000
000001.SZ,000001,20190102,91500110,0,3244,0,S,101900,3000
000001.SZ,000001,20190102,91500110,0,3249,0,B,93100,2600
000001.SZ,000001,20190102,91500110,0,3253,0,S,93800,100
000001.SZ,000001,20190102,91500110,0,3472,0,B,90700,1900
000001.SZ,000001,20190102,91500110,0,3515,0,S,96000,200
000001.SZ,000001,20190102,91500110,0,3519,0,B,91500,200
000001.SZ,000001,20190102,91500110,0,3520,0,S,101900,1000
000001.SZ,000001,20190102,91500110,0,3549,0,S,94900,5000
000001.SZ,000001,20190102,91500110,0,3550,0,S,96200,5000
000001.SZ,000001,20190102,91500110,0,3551,0,S,102300,5000
000001.SZ,000001,20190102,91500110,0,3608,0,B,91200,1200
000001.SZ,000001,20190102,91500110,0,3610,0,S,96100,1200
000001.SZ,000001,20190102,91500110,0,3615,0,S,97100,1200
000001.SZ,000001,20190102,91500110,0,3616,0,S,98100,1200
000001.SZ,000001,20190102,91500110,0,3619,0,S,99100,1200
000001.SZ,000001,20190102,91500110,0,3620,0,S,100100,1200
000001.SZ,000001,20190102,91500110,0,3624,0,S,101100,1200
000001.SZ,000001,20190102,91500110,0,3626,0,S,102100,1200
000001.SZ,000001,20190102,91500110,0,3627,0,S,103100,1200
000001.SZ,000001,20190102,91500110,0,3628,0,S,98700,1200
000001.SZ,000001,20190102,91500120,0,3855,0,S,94500,5000
000001.SZ,000001,20190102,91500120,0,4137,0,S,103200,1000
000001.SZ,000001,20190102,91500120,0,4138,0,S,100100,600
000001.SZ,000001,20190102,91500120,0,4144,0,S,95500,600
000001.SZ,000001,20190102,91500120,0,4145,0,S,96500,600
000001.SZ,000001,20190102,91500120,0,4146,0,S,98000,600
000001.SZ,000001,20190102,91500120,0,4147,0,S,99400,800
000001.SZ,000001,20190102,91500120,0,4264,0,B,93500,2000
000001.SZ,000001,20190102,91500120,0,4391,0,S,95500,1500
000001.SZ,000001,20190102,91500120,0,4436,0,S,102200,2000
000001.SZ,000001,20190102,91500130,0,4509,0,S,99800,500
000001.SZ,000001,20190102,91500130,0,4510,0,S,94600,100
000001.SZ,000001,20190102,91500130,0,4527,0,B,90200,500
000001.SZ,000001,20190102,91500130,0,4531,0,S,99700,500
000001.SZ,000001,20190102,91500130,0,4626,0,S,99800,600
000001.SZ,000001,20190102,91500130,0,4645,0,S,96300,200
000001.SZ,000001,20190102,91500130,0,4646,0,B,89700,200
000001.SZ,000001,20190102,91500130,0,4663,0,B,93000,10300
000001.SZ,000001,20190102,91500130,0,4666,0,S,94800,5000
000001.SZ,000001,20190102,91500130,0,4667,0,S,95800,4000
000001.SZ,000001,20190102,91500130,0,4668,0,B,93000,5000
000001.SZ,000001,20190102,91500130,0,4707,0,B,93400,2600
000001.SZ,000001,20190102,91500130,0,4708,0,B,91500,2700
000001.SZ,000001,20190102,91500130,0,4715,0,B,85000,1000
000001.SZ,000001,20190102,91500130,0,4740,0,S,93800,1100
000001.SZ,000001,20190102,91500130,0,4832,0,B,90100,100
000001.SZ,000001,20190102,91500140,0,5026,0,B,93800,200
000001.SZ,000001,20190102,91500140,0,5033,0,S,96000,2100
000001.SZ,000001,20190102,91500140,0,5036,0,S,99000,2100
000001.SZ,000001,20190102,91500140,0,5043,0,S,102000,4300
000001.SZ,000001,20190102,91500140,0,5075,0,B,92900,200
000001.SZ,000001,20190102,91500140,0,5105,0,S,95000,1000
000001.SZ,000001,20190102,91500140,0,5106,0,S,95500,1000
000001.SZ,000001,20190102,91500140,0,5132,0,S,103200,500
000001.SZ,000001,20190102,91500140,0,5141,0,S,94900,7400
000001.SZ,000001,20190102,91500150,0,5294,0,B,93900,1000
000001.SZ,000001,20190102,91500150,0,5332,0,S,97000,13100
000001.SZ,000001,20190102,91500150,0,5392,0,S,96000,5000
000001.SZ,000001,20190102,91500150,0,5415,0,S,93800,2200
000001.SZ,000001,20190102,91500150,0,5450,0,S,98300,200
000001.SZ,000001,20190102,91500150,0,5538,0,B,90300,2500
000001.SZ,000001,20190102,91500160,0,5599,0,S,94000,400
000001.SZ,000001,20190102,91500160,0,5683,0,S,102000,1500
000001.SZ,000001,20190102,91500160,0,5694,0,S,99900,200
000001.SZ,000001,20190102,91500160,0,5845,0,S,95300,900
000001.SZ,000001,20190102,91500170,0,6115,0,S,103000,1000
000001.SZ,000001,20190102,91500170,0,6127,0,S,103000,300
000001.SZ,000001,20190102,91500170,0,6129,0,B,93800,1700
000001.SZ,000001,20190102,91500170,0,6403,0,S,103200,300
000001.SZ,000001,20190102,91500180,0,6523,0,S,99900,1300
000001.SZ,000001,20190102,91500180,0,6596,0,S,93800,100
000001.SZ,000001,20190102,91500180,0,6700,0,S,96800,18600
000001.SZ,000001,20190102,91500180,0,6830,0,B,90000,700
000001.SZ,000001,20190102,91500180,0,6846,0,B,93900,2000
000001.SZ,000001,20190102,91500180,0,6871,0,S,97200,600
000001.SZ,000001,20190102,91500190,0,7084,0,B,93900,500
000001.SZ,000001,20190102,91500190,0,7145,0,S,103100,100
000001.SZ,000001,20190102,91500190,0,7181,0,S,94800,1000
000001.SZ,000001,20190102,91500190,0,7182,0,S,95300,1000
000001.SZ,000001,20190102,91500190,0,7183,0,S,95800,1000
000001.SZ,000001,20190102,91500190,0,7184,0,S,96300,1000
000001.SZ,000001,20190102,91500190,0,7185,0,B,93100,1000
000001.SZ,000001,20190102,91500190,0,7186,0,B,92600,1000
000001.SZ,000001,20190102,91500190,0,7187,0,B,92100,1000
000001.SZ,000001,20190102,91500190,0,7229,0,B,89000,100
000001.SZ,000001,20190102,91500190,0,7249,0,S,99400,1000
000001.SZ,000001,20190102,91500190,0,7296,0,B,98400,100
000001.SZ,000001,20190102,91500190,0,7305,0,S,93800,500
000001.SZ,000001,20190102,91500190,0,7353,0,S,95000,600
000001.SZ,000001,20190102,91500190,0,7388,0,B,92500,1000
000001.SZ,000001,20190102,91500190,0,7438,0,S,96800,31600
000001.SZ,000001,20190102,91500190,0,7439,0,S,99900,2000
000001.SZ,000001,20190102,91500190,0,7520,0,S,93800,1680
000001.SZ,000001,20190102,91500190,0,7525,0,B,98400,100
000001.SZ,000001,20190102,91500190,0,7659,0,S,99800,800
000001.SZ,000001,20190102,91500200,0,7838,0,S,102400,700
000001.SZ,000001,20190102,91500200,0,7845,0,S,101500,1100
000001.SZ,000001,20190102,91500200,0,7848,0,S,102000,1100
000001.SZ,000001,20190102,91500200,0,7849,0,S,102400,1100
000001.SZ,000001,20190102,91500200,0,7850,0,S,102900,1100
000001.SZ,000001,20190102,91500200,0,7907,0,B,103100,7100
000001.SZ,000001,20190102,91500200,0,8042,0,B,93800,5000
000001.SZ,000001,20190102,91500200,0,8045,0,S,98000,10000
000001.SZ,000001,20190102,91500200,0,8046,0,S,97000,10000
000001.SZ,000001,20190102,91500200,0,8106,0,B,103100,3000
000001.SZ,000001,20190102,91500200,0,8257,0,S,89100,106
000001.SZ,000001,20190102,91500210,0,8488,0,S,103200,2000
000001.SZ,000001,20190102,91500210,0,8495,0,S,93400,800
000001.SZ,000001,20190102,91500210,0,8547,0,S,102400,1000
000001.SZ,000001,20190102,91500210,0,8548,0,S,101400,1000
000001.SZ,000001,20190102,91500210,0,8549,0,S,100400,1000
000001.SZ,000001,20190102,91500210,0,8650,0,S,98000,200
000001.SZ,000001,20190102,91500210,0,8771,0,S,95400,1600
000001.SZ,000001,20190102,91500210,0,8821,0,S,95500,1000
000001.SZ,000001,20190102,91500210,0,8872,0,B,93500,1000
000001.SZ,000001,20190102,91500210,0,8873,0,B,93300,1000
000001.SZ,000001,20190102,91500220,0,9068,0,B,93800,1000
000001.SZ,000001,20190102,91500230,0,9198,0,S,103000,600
000001.SZ,000001,20190102,91500240,0,9467,0,B,84400,600
000001.SZ,000001,20190102,91500240,0,9520,0,S,98800,8800
000001.SZ,000001,20190102,91500240,0,9576,0,B,93500,100
000001.SZ,000001,20190102,91500240,0,9644,0,S,93800,200
000001.SZ,000001,20190102,91500240,0,9686,0,S,95000,100
000001.SZ,000001,20190102,91500240,0,9808,0,S,95600,500
000001.SZ,000001,20190102,91500250,0,9899,0,S,97800,1900
000001.SZ,000001,20190102,91500250,0,9908,0,B,90000,100
000001.SZ,000001,20190102,91500250,0,9933,0,B,90000,3000
000001.SZ,000001,20190102,91500250,0,9934,0,S,95000,2500
000001.SZ,000001,20190102,91500250,0,9951,0,S,99900,500
000001.SZ,000001,20190102,91500250,0,9952,0,S,96600,200
000001.SZ,000001,20190102,91500250,0,10050,0,B,99400,100
000001.SZ,000001,20190102,91500260,0,10112,0,S,103200,2000
000001.SZ,000001,20190102,91500260,0,10113,0,S,103200,2100
000001.SZ,000001,20190102,91500260,0,10190,0,S,97000,2700
000001.SZ,000001,20190102,91500270,0,10363,0,S,103100,300
000001.SZ,000001,20190102,91500270,0,10368,0,S,96000,200
000001.SZ,000001,20190102,91500270,0,10369,0,B,91500,200
000001.SZ,000001,20190102,91500270,0,10370,0,S,97700,2400
000001.SZ,000001,20190102,91500270,0,10411,0,B,90900,1000
000001.SZ,000001,20190102,91500280,0,10734,0,S,96400,500
000001.SZ,000001,20190102,91500280,0,10802,0,S,98000,300
000001.SZ,000001,20190102,91500280,0,10803,0,S,100000,300
000001.SZ,000001,20190102,91500280,0,10821,0,B,90000,300
000001.SZ,000001,20190102,91500290,0,10936,0,S,103200,1000
000001.SZ,000001,20190102,91500290,0,10978,0,B,91900,1100
000001.SZ,000001,20190102,91500290,0,10979,0,B,91500,1100
000001.SZ,000001,20190102,91500290,0,10980,0,B,91100,1100
000001.SZ,000001,20190102,91500290,0,10981,0,B,90700,1100
000001.SZ,000001,20190102,91500290,0,10982,0,B,90300,1100
000001.SZ,000001,20190102,91500290,0,10983,0,B,89900,1100
000001.SZ,000001,20190102,91500290,0,10984,0,B,89500,1100
000001.SZ,000001,20190102,91500290,0,11048,0,S,103000,100
000001.SZ,000001,20190102,91500290,0,11140,0,S,103100,100
000001.SZ,000001,20190102,91500290,0,11178,0,S,94600,200
000001.SZ,000001,20190102,91500300,0,11222,0,B,89000,10000
000001.SZ,000001,20190102,91500300,0,11274,0,S,102100,1000
000001.SZ,000001,20190102,91500300,0,11335,0,S,95600,2000
000001.SZ,000001,20190102,91500300,0,11336,0,S,97600,2000
000001.SZ,000001,20190102,91500300,0,11337,0,B,92500,2000
000001.SZ,000001,20190102,91500300,0,11338,0,B,90500,2000
000001.SZ,000001,20190102,91500300,0,11363,0,S,95600,1100
000001.SZ,000001,20190102,91500300,0,11398,0,B,93800,3800
000001.SZ,000001,20190102,91500310,0,11507,0,B,90600,1100
000001.SZ,000001,20190102,91500310,0,11655,0,S,99300,2600
000001.SZ,000001,20190102,91500320,0,11706,0,S,97400,2600
000001.SZ,000001,20190102,91500320,0,11748,0,S,98800,1000
000001.SZ,000001,20190102,91500320,0,11749,0,S,99900,1000
000001.SZ,000001,20190102,91500320,0,11750,0,S,100900,1000
000001.SZ,000001,20190102,91500320,0,11751,0,S,103000,4000
000001.SZ,000001,20190102,91500320,0,11817,0,B,93000,300
000001.SZ,000001,20190102,91500320,0,11918,0,S,95500,500
000001.SZ,000001,20190102,91500330,0,11948,0,B,95200,700
000001.SZ,000001,20190102,91500330,0,11964,0,B,93900,9500
000001.SZ,000001,20190102,91500330,0,11977,0,B,93800,2500
000001.SZ,000001,20190102,91500330,0,11978,0,B,92800,300
000001.SZ,000001,20190102,91500330,0,11979,0,B,91500,600
000001.SZ,000001,20190102,91500330,0,12011,0,S,96400,300
000001.SZ,000001,20190102,91500330,0,12108,0,S,101000,1000
000001.SZ,000001,20190102,91500330,0,12113,0,S,99000,400
000001.SZ,000001,20190102,91500330,0,12191,0,S,103200,3600
000001.SZ,000001,20190102,91500340,0,12299,0,B,90000,1000
000001.SZ,000001,20190102,91500340,0,12300,0,B,85000,1000
000001.SZ,000001,20190102,91500340,0,12301,0,S,101000,1000
000001.SZ,000001,20190102,91500340,0,12336,0,B,92000,500
000001.SZ,000001,20190102,91500340,0,12425,0,S,97800,1900
000001.SZ,000001,20190102,91500340,0,12443,0,B,92200,1000
000001.SZ,000001,20190102,91500340,0,12444,0,S,98700,18000
000001.SZ,000001,20190102,91500340,0,12453,0,B,91000,1000
000001.SZ,000001,20190102,91500340,0,12462,0,S,102800,1000
000001.SZ,000001,20190102,91500340,0,12474,0,B,90900,500
000001.SZ,000001,20190102,91500350,0,12617,0,S,94800,2500
000001.SZ,000001,20190102,91500350,0,12619,0,S,103100,6700
000001.SZ,000001,20190102,91500350,0,12634,0,B,93000,500
000001.SZ,000001,20190102,91500350,0,12773,0,B,90000,1000
000001.SZ,000001,20190102,91500350,0,12778,0,B,88000,1000
000001.SZ,000001,20190102,91500350,0,12780,0,B,88000,1000
000001.SZ,000001,20190102,91500350,0,12793,0,S,102800,500
000001.SZ,000001,20190102,91500360,0,12907,0,S,102800,1000
000001.SZ,000001,20190102,91500370,0,13148,0,B,93200,3000
000001.SZ,000001,20190102,91500370,0,13157,0,B,92700,2200
000001.SZ,000001,20190102,91500370,0,13161,0,S,94900,2500
000001.SZ,000001,20190102,91500370,0,13166,0,S,95900,3000
000001.SZ,000001,20190102,91500370,0,13168,0,S,96900,3000
000001.SZ,000001,20190102,91500370,0,13234,0,B,90500,4600
000001.SZ,000001,20190102,91500370,0,13272,0,S,94800,1400
000001.SZ,000001,20190102,91500370,0,13408,0,S,93800,4200
000001.SZ,000001,20190102,91500370,0,13421,0,S,96800,100
000001.SZ,000001,20190102,91500380,0,13425,0,S,93900,38100
000001.SZ,000001,20190102,91500380,0,13472,0,B,93800,1000
000001.SZ,000001,20190102,91500380,0,13506,0,S,96900,1000
000001.SZ,000001,20190102,91500380,0,13507,0,B,91300,1000
000001.SZ,000001,20190102,91500380,0,13510,0,S,98100,100
000001.SZ,000001,20190102,91500380,0,13512,0,B,90000,100
000001.SZ,000001,20190102,91500380,0,13518,0,S,99900,800
000001.SZ,000001,20190102,91500380,0,13616,0,B,93800,100
000001.SZ,000001,20190102,91500390,0,13864,0,B,91000,500
000001.SZ,000001,20190102,91500390,0,13868,0,S,94500,500
000001.SZ,000001,20190102,91500390,0,14022,0,B,91800,1700
000001.SZ,000001,20190102,91500390,0,14026,0,S,93800,400
000001.SZ,000001,20190102,91500390,0,14073,0,S,94500,1000
000001.SZ,000001,20190102,91500390,0,14132,0,B,90000,600
000001.SZ,000001,20190102,91500390,0,14185,0,B,90000,1000
000001.SZ,000001,20190102,91500390,0,14188,0,B,85000,1000
000001.SZ,000001,20190102,91500390,0,14195,0,S,100000,1000
000001.SZ,000001,20190102,91500390,0,14223,0,B,90000,600
000001.SZ,000001,20190102,91500400,0,14300,0,S,94900,500
000001.SZ,000001,20190102,91500410,0,14650,0,B,90800,500
000001.SZ,000001,20190102,91500410,0,14657,0,S,95400,500
000001.SZ,000001,20190102,91500410,0,14658,0,B,92100,500
000001.SZ,000001,20190102,91500410,0,14796,0,S,96800,100
000001.SZ,000001,20190102,91500410,0,14797,0,S,98200,200
000001.SZ,000001,20190102,91500410,0,14798,0,S,95300,100
000001.SZ,000001,20190102,91500410,0,14799,0,S,99700,200
000001.SZ,000001,20190102,91500410,0,14800,0,S,101200,200
000001.SZ,000001,20190102,91500410,0,14836,0,S,95000,700
000001.SZ,000001,20190102,91500410,0,14837,0,B,93000,700
000001.SZ,000001,20190102,91500420,0,14967,0,S,100900,200
000001.SZ,000001,20190102,91500420,0,14968,0,S,101700,200
000001.SZ,000001,20190102,91500420,0,14969,0,B,86800,200
000001.SZ,000001,20190102,91500420,0,14991,0,B,92500,100
000001.SZ,000001,20190102,91500420,0,14992,0,B,92400,100
000001.SZ,000001,20190102,91500420,0,14993,0,B,91900,200
000001.SZ,000001,20190102,91500420,0,14994,0,B,91800,200
000001.SZ,000001,20190102,91500420,0,14995,0,B,90200,300
000001.SZ,000001,20190102,91500420,0,14996,0,S,95300,1000
000001.SZ,000001,20190102,91500420,0,14997,0,B,93300,1000
000001.SZ,000001,20190102,91500420,0,14998,0,B,92300,1000
000001.SZ,000001,20190102,91500420,0,15026,0,S,100000,100
000001.SZ,000001,20190102,91500420,0,15045,0,B,93800,200
000001.SZ,000001,20190102,91500420,0,15124,0,B,90300,1700
000001.SZ,000001,20190102,91500420,0,15125,0,B,86000,1800
000001.SZ,000001,20190102,91500420,0,15130,0,S,99500,1600
000001.SZ,000001,20190102,91500420,0,15217,0,B,93000,2000
000001.SZ,000001,20190102,91500420,0,15221,0,B,93800,100
000001.SZ,000001,20190102,91500420,0,15222,0,B,93700,100
000001.SZ,000001,20190102,91500430,0,15298,0,B,90200,500
000001.SZ,000001,20190102,91500430,0,15315,0,B,85800,200
000001.SZ,000001,20190102,91500430,0,15334,0,B,84400,100
000001.SZ,000001,20190102,91500430,0,15509,0,B,92000,100
000001.SZ,000001,20190102,91500430,0,15525,0,S,103200,500
000001.SZ,000001,20190102,91500440,0,15731,0,B,93200,200
000001.SZ,000001,20190102,91500440,0,15789,0,B,93700,300
000001.SZ,000001,20190102,91500440,0,15867,0,B,93200,1700
000001.SZ,000001,20190102,91500440,0,15868,0,B,92500,1100
000001.SZ,000001,20190102,91500440,0,15971,0,S,95100,3400
000001.SZ,000001,20190102,91500440,0,16001,0,B,93900,100
000001.SZ,000001,20190102,91500440,0,16012,0,B,93900,300
000001.SZ,000001,20190102,91500450,0,16085,0,B,93900,1000
000001.SZ,000001,20190102,91500450,0,16111,0,B,92700,100
000001.SZ,000001,20190102,91500450,0,16112,0,B,91800,200
000001.SZ,000001,20190102,91500450,0,16113,0,B,90900,300
000001.SZ,000001,20190102,91500450,0,16115,0,B,90000,400
000001.SZ,000001,20190102,91500450,0,16116,0,B,89100,500
000001.SZ,000001,20190102,91500450,0,16117,0,B,88200,600
000001.SZ,000001,20190102,91500450,0,16118,0,B,87300,700
000001.SZ,000001,20190102,91500450,0,16119,0,B,86400,800
000001.SZ,000001,20190102,91500450,0,16120,0,B,85500,900
000001.SZ,000001,20190102,91500450,0,16121,0,B,84400,10000
000001.SZ,000001,20190102,91500450,0,16122,0,S,94900,100
000001.SZ,000001,20190102,91500450,0,16123,0,S,96000,200
000001.SZ,000001,20190102,91500450,0,16124,0,S,97100,300
000001.SZ,000001,20190102,91500450,0,16125,0,S,98000,400
000001.SZ,000001,20190102,91500450,0,16126,0,S,99100,500
000001.SZ,000001,20190102,91500450,0,16127,0,S,100000,600
000001.SZ,000001,20190102,91500450,0,16128,0,S,101000,700
000001.SZ,000001,20190102,91500450,0,16129,0,S,102100,800
000001.SZ,000001,20190102,91500450,0,16130,0,S,103200,15000
000001.SZ,000001,20190102,91500450,0,16264,0,B,96000,200
000001.SZ,000001,20190102,91500450,0,16270,0,S,96800,500
000001.SZ,000001,20190102,91500450,0,16295,0,B,85100,1000
000001.SZ,000001,20190102,91500450,0,16345,0,B,90600,2800
000001.SZ,000001,20190102,91500450,0,16510,0,S,94500,600
000001.SZ,000001,20190102,91500450,0,16511,0,B,91200,600
000001.SZ,000001,20190102,91500460,0,16584,0,B,92900,1000
000001.SZ,000001,20190102,91500460,0,16585,0,B,92400,1000
000001.SZ,000001,20190102,91500460,0,16586,0,B,91900,1000
000001.SZ,000001,20190102,91500460,0,16587,0,B,91400,1000
000001.SZ,000001,20190102,91500460,0,16621,0,S,95700,10100
000001.SZ,000001,20190102,91500460,0,16627,0,S,96700,5900
000001.SZ,000001,20190102,91500460,0,16877,0,S,98000,3100
000001.SZ,000001,20190102,91500460,0,16878,0,S,103000,5000
000001.SZ,000001,20190102,91500460,0,16879,0,B,92200,2900
000001.SZ,000001,20190102,91500460,0,16880,0,S,103000,5000
000001.SZ,000001,20190102,91500460,0,16882,0,S,103000,5000
000001.SZ,000001,20190102,91500460,0,16883,0,S,103000,5000
000001.SZ,000001,20190102,91500460,0,16917,0,B,94100,200
000001.SZ,000001,20190102,91500460,0,16985,0,B,91100,3300
000001.SZ,000001,20190102,91500470,0,17065,0,S,103100,2600
000001.SZ,000001,20190102,91500470,0,17153,0,B,93900,100
000001.SZ,000001,20190102,91500470,0,17381,0,S,94800,100
000001.SZ,000001,20190102,91500480,0,17434,0,S,94900,1500
000001.SZ,000001,20190102,91500480,0,17435,0,S,96900,1400
000001.SZ,000001,20190102,91500480,0,17436,0,B,92900,1800
000001.SZ,000001,20190102,91500480,0,17447,0,B,93900,1000
000001.SZ,000001,20190102,91500480,0,17454,0,B,93800,300
000001.SZ,000001,20190102,91500480,0,17698,0,S,95300,200
000001.SZ,000001,20190102,91500490,0,17916,0,S,103200,2000
000001.SZ,000001,20190102,91500490,0,18077,0,S,95400,10000
000001.SZ,000001,20190102,91500500,0,18362,0,S,103000,27300
000001.SZ,000001,20190102,91500500,0,18384,0,B,93100,100
000001.SZ,000001,20190102,91500500,0,18420,0,B,93600,1200
000001.SZ,000001,20190102,91500500,0,18458,0,B,94000,4200
000001.SZ,000001,20190102,91500500,0,18465,0,S,98400,1000
000001.SZ,000001,20190102,91500500,0,18467,0,S,99900,1000
000001.SZ,000001,20190102,91500510,0,18609,0,S,96700,100
000001.SZ,000001,20190102,91500510,0,18640,0,S,103200,21200
000001.SZ,000001,20190102,91500510,0,18673,0,S,99800,2200
000001.SZ,000001,20190102,91500510,0,18728,0,B,90000,4000
000001.SZ,000001,20190102,91500510,0,18783,0,S,100200,500
000001.SZ,000001,20190102,91500510,0,18784,0,S,102200,500
000001.SZ,000001,20190102,91500510,0,18787,0,B,92100,800
000001.SZ,000001,20190102,91500510,0,18789,0,S,98200,500
000001.SZ,000001,20190102,91500510,0,18794,0,S,100000,900
000001.SZ,000001,20190102,91500520,0,18840,0,B,93900,2200
000001.SZ,000001,20190102,91500520,0,18903,0,S,99000,200
000001.SZ,000001,20190102,91500520,0,18949,0,B,93800,100
000001.SZ,000001,20190102,91500520,0,19002,0,B,88200,1000
000001.SZ,000001,20190102,91500520,0,19056,0,B,93700,100
000001.SZ,000001,20190102,91500520,0,19059,0,B,92100,1000
000001.SZ,000001,20190102,91500520,0,19105,0,S,94500,400
000001.SZ,000001,20190102,91500530,0,19120,0,S,102000,300
000001.SZ,000001,20190102,91500540,0,19435,0,S,99900,1000
000001.SZ,000001,20190102,91500540,0,19439,0,S,96600,1000
000001.SZ,000001,20190102,91500540,0,19444,0,S,98100,1000
000001.SZ,000001,20190102,91500540,0,19543,0,B,86000,100
000001.SZ,000001,20190102,91500540,0,19563,0,S,98500,1000
000001.SZ,000001,20190102,91500540,0,19564,0,S,102000,2200
000001.SZ,000001,20190102,91500540,0,19610,0,S,96800,2000
000001.SZ,000001,20190102,91500540,0,19640,0,S,97900,200
000001.SZ,000001,20190102,91500540,0,19663,0,S,99900,1500
000001.SZ,000001,20190102,91500550,0,19751,0,B,93900,100
000001.SZ,000001,20190102,91500550,0,19777,0,B,87000,4000
000001.SZ,000001,20190102,91500550,0,19797,0,B,84400,4000
000001.SZ,000001,20190102,91500550,0,19814,0,B,88000,1000
000001.SZ,000001,20190102,91500550,0,19820,0,S,95400,3700
000001.SZ,000001,20190102,91500550,0,19826,0,B,90000,200
000001.SZ,000001,20190102,91500550,0,19859,0,S,100000,1000
000001.SZ,000001,20190102,91500550,0,19914,0,B,85800,300
000001.SZ,000001,20190102,91500550,0,19921,0,S,102000,700
000001.SZ,000001,20190102,91500560,0,20087,0,B,91800,4400
000001.SZ,000001,20190102,91500560,0,20088,0,B,86800,4600
000001.SZ,000001,20190102,91500560,0,20093,0,S,101400,200
000001.SZ,000001,20190102,91500560,0,20127,0,B,93000,200
000001.SZ,000001,20190102,91500560,0,20132,0,B,93500,3000
000001.SZ,000001,20190102,91500560,0,20133,0,B,93000,3000
000001.SZ,000001,20190102,91500560,0,20134,0,B,92500,3000
000001.SZ,000001,20190102,91500560,0,20135,0,B,92000,5000
000001.SZ,000001,20190102,91500560,0,20147,0,S,96800,1800
000001.SZ,000001,20190102,91500560,0,20266,0,B,91900,6000
000001.SZ,000001,20190102,91500560,0,20281,0,B,90000,200
000001.SZ,000001,20190102,91500570,0,20479,0,B,91200,8600
000001.SZ,000001,20190102,91500570,0,20541,0,S,93800,1700
000001.SZ,000001,20190102,91500570,0,20584,0,S,93900,2200
000001.SZ,000001,20190102,91500570,0,20586,0,B,86700,100
000001.SZ,000001,20190102,91500570,0,20594,0,B,92000,200
000001.SZ,000001,20190102,91500580,0,20631,0,S,102800,5000
000001.SZ,000001,20190102,91500580,0,20678,0,S,94600,2200
000001.SZ,000001,20190102,91500580,0,20848,0,B,92800,200
000001.SZ,000001,20190102,91500580,0,20851,0,S,94500,200
000001.SZ,000001,20190102,91500590,0,20912,0,S,94500,100
000001.SZ,000001,20190102,91500590,0,21063,0,S,95800,1000
000001.SZ,000001,20190102,91500590,0,21094,0,B,93900,500
000001.SZ,000001,20190102,91500590,0,21107,0,S,98200,100
000001.SZ,000001,20190102,91500590,0,21109,0,S,102000,400
000001.SZ,000001,20190102,91500590,0,21191,0,B,93800,1000
000001.SZ,000001,20190102,91500590,0,21214,0,B,91500,1200
000001.SZ,000001,20190102,91500590,0,21216,0,B,90000,1200
000001.SZ,000001,20190102,91500590,0,21301,0,S,96800,800
000001.SZ,000001,20190102,91500590,0,21379,0,S,94700,100
000001.SZ,000001,20190102,91500590,0,21422,0,B,84400,17100
000001.SZ,000001,20190102,91500590,0,21445,0,S,102100,6300
000001.SZ,000001,20190102,91500600,0,21501,0,S,103000,300
000001.SZ,000001,20190102,91500600,0,21663,0,B,84500,200
000001.SZ,000001,20190102,91500600,0,21706,0,B,93500,3000
000001.SZ,000001,20190102,91500600,0,21828,0,S,97900,200
000001.SZ,000001,20190102,91500610,0,21851,0,B,92500,2000
000001.SZ,000001,20190102,91500610,0,21886,0,S,103200,300
000001.SZ,000001,20190102,91500610,0,22050,0,S,102500,500
000001.SZ,000001,20190102,91500610,0,22055,0,S,96300,1000
000001.SZ,000001,20190102,91500610,0,22060,0,B,90100,1000
000001.SZ,000001,20190102,91500610,0,22089,0,S,95800,11000
000001.SZ,000001,20190102,91500620,0,22264,0,S,95100,100
000001.SZ,000001,20190102,91500620,0,22289,0,S,93800,100
000001.SZ,000001,20190102,91500620,0,22302,0,B,86200,200
000001.SZ,000001,20190102,91500630,0,22314,0,B,93000,12000
000001.SZ,000001,20190102,91500630,0,22339,0,S,96900,1300
000001.SZ,000001,20190102,91500630,0,22461,0,S,98000,15500
000001.SZ,000001,20190102,91500630,0,22497,0,S,96500,900
000001.SZ,000001,20190102,91500640,0,22574,0,B,93000,800
000001.SZ,000001,20190102,91500650,0,22845,0,B,93900,200
000001.SZ,000001,20190102,91500650,0,22864,0,B,92500,200
000001.SZ,000001,20190102,91500650,0,22869,0,S,100900,200
000001.SZ,000001,20190102,91500650,0,22881,0,B,93900,400
000001.SZ,000001,20190102,91500650,0,22957,0,S,103000,1000
000001.SZ,000001,20190102,91500650,0,22990,0,S,95400,1000
000001.SZ,000001,20190102,91500650,0,23021,0,S,100000,100
000001.SZ,000001,20190102,91500650,0,23022,0,S,102000,100
000001.SZ,000001,20190102,91500650,0,23024,0,S,96400,1000
000001.SZ,000001,20190102,91500650,0,23025,0,S,97400,1000
000001.SZ,000001,20190102,91500650,0,23026,0,S,98400,1000
000001.SZ,000001,20190102,91500650,0,23064,0,S,95800,600
000001.SZ,000001,20190102,91500660,0,23247,0,S,96200,12000
000001.SZ,000001,20190102,91500660,0,23259,0,B,93800,3800
000001.SZ,000001,20190102,91500670,0,23330,0,B,99000,500
000001.SZ,000001,20190102,91500670,0,23429,0,B,90000,500
000001.SZ,000001,20190102,91500680,0,23527,0,B,93000,1000
000001.SZ,000001,20190102,91500680,0,23605,0,S,96600,2000
000001.SZ,000001,20190102,91500690,0,23657,0,S,95800,200
000001.SZ,000001,20190102,91500690,0,23709,0,B,93500,2000
000001.SZ,000001,20190102,91500690,0,23710,0,B,93100,2000
000001.SZ,000001,20190102,91500690,0,23711,0,B,92700,2000
000001.SZ,000001,20190102,91500690,0,23712,0,B,93300,2000
000001.SZ,000001,20190102,91500690,0,23715,0,S,99900,3000
000001.SZ,000001,20190102,91500700,0,23917,0,S,103200,100
000001.SZ,000001,20190102,91500710,0,23963,0,B,93000,300
000001.SZ,000001,20190102,91500710,0,23987,0,B,93700,200
000001.SZ,000001,20190102,91500720,0,24179,0,S,98000,3600
000001.SZ,000001,20190102,91500730,0,24308,0,S,97800,2700
000001.SZ,000001,20190102,91500730,0,24399,0,S,93800,100
000001.SZ,000001,20190102,91500730,0,24524,0,B,90000,200
000001.SZ,000001,20190102,91500740,0,24695,0,S,102100,4400
000001.SZ,000001,20190102,91500740,0,24722,0,S,100000,100
000001.SZ,000001,20190102,91500750,0,24989,0,B,90000,400
000001.SZ,000001,20190102,91500750,0,25039,0,S,101800,100
000001.SZ,000001,20190102,91500750,0,25115,0,S,93900,700
000001.SZ,000001,20190102,91500750,0,25332,0,B,93700,2000
000001.SZ,000001,20190102,91500760,0,25476,0,S,94900,2000
000001.SZ,000001,20190102,91500760,0,25477,0,S,96000,3000
000001.SZ,000001,20190102,91500760,0,25493,0,S,95000,1800
000001.SZ,000001,20190102,91500760,0,25513,0,B,93800,500
000001.SZ,000001,20190102,91500780,0,25850,0,B,91100,700
000001.SZ,000001,20190102,91500780,0,25942,0,S,96000,1000
000001.SZ,000001,20190102,91500780,0,25943,0,B,92100,900
000001.SZ,000001,20190102,91500780,0,25958,0,S,101600,1400
000001.SZ,000001,20190102,91500790,0,26105,0,B,90100,2500
000001.SZ,000001,20190102,91500800,0,26264,0,B,92500,2000
000001.SZ,000001,20190102,91500810,0,26553,0,B,91800,1000
000001.SZ,000001,20190102,91500810,0,26562,0,S,102100,100
000001.SZ,000001,20190102,91500810,0,26589,0,S,98000,100
000001.SZ,000001,20190102,91500810,0,26612,0,S,96800,500
000001.SZ,000001,20190102,91500810,0,26730,0,S,95900,2000
000001.SZ,000001,20190102,91500810,0,26731,0,S,96900,2000
000001.SZ,000001,20190102,91500810,0,26732,0,S,97900,2000
000001.SZ,000001,20190102,91500810,0,26733,0,S,98900,2000
000001.SZ,000001,20190102,91500810,0,26734,0,S,99900,2000
000001.SZ,000001,20190102,91500810,0,26735,0,S,100900,2000
000001.SZ,000001,20190102,91500810,0,26736,0,S,101900,2000
000001.SZ,000001,20190102,91500810,0,26737,0,S,102900,2000
000001.SZ,000001,20190102,91500820,0,26881,0,B,90000,4600
000001.SZ,000001,20190102,91500820,0,26946,0,S,95500,300
000001.SZ,000001,20190102,91500830,0,27106,0,S,93800,400
000001.SZ,000001,20190102,91500830,0,27169,0,S,96500,500
000001.SZ,000001,20190102,91500850,0,27480,0,S,94500,1200
000001.SZ,000001,20190102,91500850,0,27491,0,B,90100,500
000001.SZ,000001,20190102,91500850,0,27492,0,B,90100,1000
000001.SZ,000001,20190102,91500850,0,27496,0,B,90100,1000
000001.SZ,000001,20190102,91500850,0,27504,0,B,89000,200
000001.SZ,000001,20190102,91500850,0,27512,0,B,91800,3000
000001.SZ,000001,20190102,91500850,0,27600,0,B,92500,1700
000001.SZ,000001,20190102,91500850,0,27603,0,S,102900,3000
000001.SZ,000001,20190102,91500860,0,27622,0,S,94700,2000
000001.SZ,000001,20190102,91500860,0,27623,0,S,94900,2000
000001.SZ,000001,20190102,91500860,0,27624,0,S,95400,2000
000001.SZ,000001,20190102,91500860,0,27649,0,S,100000,2000
000001.SZ,000001,20190102,91500860,0,27702,0,S,102900,3900
000001.SZ,000001,20190102,91500860,0,27717,0,B,92300,100
000001.SZ,000001,20190102,91500860,0,27718,0,B,92000,200
000001.SZ,000001,20190102,91500860,0,27721,0,B,91700,300
000001.SZ,000001,20190102,91500860,0,27722,0,B,91300,400
000001.SZ,000001,20190102,91500870,0,27732,0,S,95500,100
000001.SZ,000001,20190102,91500870,0,27734,0,S,95800,200
000001.SZ,000001,20190102,91500870,0,27743,0,S,96300,300
000001.SZ,000001,20190102,91500870,0,27753,0,S,97100,200
000001.SZ,000001,20190102,91500870,0,27754,0,S,98900,200
000001.SZ,000001,20190102,91500870,0,27766,0,S,96800,400
000001.SZ,000001,20190102,91500870,0,27800,0,B,93000,4000
000001.SZ,000001,20190102,91500870,0,27849,0,S,95400,200
000001.SZ,000001,20190102,91500870,0,27850,0,S,99400,600
000001.SZ,000001,20190102,91500870,0,27851,0,S,100900,700
000001.SZ,000001,20190102,91500870,0,27874,0,B,88000,500
000001.SZ,000001,20190102,91500880,0,27930,0,S,100000,500
000001.SZ,000001,20190102,91500880,0,27932,0,B,93900,200
000001.SZ,000001,20190102,91500880,0,27938,0,B,92800,2000
000001.SZ,000001,20190102,91500880,0,27945,0,S,95800,10000
000001.SZ,000001,20190102,91500880,0,27946,0,S,94600,5000
000001.SZ,000001,20190102,91500880,0,27955,0,B,93800,2000
000001.SZ,000001,20190102,91500880,0,28038,0,S,95500,1000
000001.SZ,000001,20190102,91500880,0,28086,0,B,93800,100
000001.SZ,000001,20190102,91500880,0,28125,0,S,96000,600
000001.SZ,000001,20190102,91500880,0,28155,0,B,89500,100
000001.SZ,000001,20190102,91500890,0,28196,0,B,93200,400
000001.SZ,000001,20190102,91500890,0,28198,0,B,92200,800
000001.SZ,000001,20190102,91500890,0,28321,0,S,100000,30000
000001.SZ,000001,20190102,91500890,0,28390,0,B,92000,100
000001.SZ,000001,20190102,91500890,0,28457,0,B,91200,300
000001.SZ,000001,20190102,91500900,0,28477,0,S,103100,2400
000001.SZ,000001,20190102,91500900,0,28607,0,B,93600,1000
000001.SZ,000001,20190102,91500900,0,28609,0,B,93600,1000
000001.SZ,000001,20190102,91500900,0,28611,0,S,99400,1000
000001.SZ,000001,20190102,91500900,0,28612,0,S,99400,1000
000001.SZ,000001,20190102,91500900,0,28696,0,S,96000,1000
000001.SZ,000001,20190102,91500900,0,28697,0,S,98000,1000
000001.SZ,000001,20190102,91500900,0,28698,0,B,93000,1000
000001.SZ,000001,20190102,91500900,0,28709,0,S,95500,2000
000001.SZ,000001,20190102,91500900,0,28710,0,S,96600,2000
000001.SZ,000001,20190102,91500900,0,28711,0,S,97700,2000
000001.SZ,000001,20190102,91500900,0,28722,0,B,92100,200
000001.SZ,000001,20190102,91500910,0,28932,0,S,103200,2840
000001.SZ,000001,20190102,91500910,0,28992,0,B,93900,100
000001.SZ,000001,20190102,91500920,0,29173,0,S,95800,500
000001.SZ,000001,20190102,91500920,0,29229,0,S,97900,1000
000001.SZ,000001,20190102,91500920,0,29230,0,S,101400,1000
000001.SZ,000001,20190102,91500920,0,29234,0,B,91100,1500
000001.SZ,000001,20190102,91500920,0,29237,0,B,87600,1500
000001.SZ,000001,20190102,91500930,0,29274,0,B,90200,1100
000001.SZ,000001,20190102,91500930,0,29281,0,B,93300,2000
000001.SZ,000001,20190102,91500930,0,29282,0,B,92200,2000
000001.SZ,000001,20190102,91500930,0,29292,0,B,88000,1100
000001.SZ,000001,20190102,91500930,0,29309,0,S,97500,1000
000001.SZ,000001,20190102,91500930,0,29375,0,B,90000,2600
000001.SZ,000001,20190102,91500940,0,29431,0,S,94600,1100
000001.SZ,000001,20190102,91500940,0,29515,0,S,103200,1000
000001.SZ,000001,20190102,91500940,0,29588,0,S,93800,100
000001.SZ,000001,20190102,91500960,0,29843,0,B,92000,2000
000001.SZ,000001,20190102,91500960,0,29845,0,S,98000,2000
000001.SZ,000001,20190102,91500960,0,29873,0,B,92200,700
000001.SZ,000001,20190102,91500960,0,29995,0,S,98000,1100
000001.SZ,000001,20190102,91500960,0,30045,0,S,97500,1000
000001.SZ,000001,20190102,91500970,0,30088,0,B,91200,1600
000001.SZ,000001,20190102,91500970,0,30212,0,B,93900,200
000001.SZ,000001,20190102,91500980,0,30369,0,B,90200,500
000001.SZ,000001,20190102,91500980,0,30451,0,B,90000,500
000001.SZ,000001,20190102,91500980,0,30482,0,B,88100,2100
000001.SZ,000001,20190102,91500980,0,30484,0,B,86100,3000
000001.SZ,000001,20190102,91500980,0,30485,0,B,84400,3000
000001.SZ,000001,20190102,91500990,0,30541,0,S,99800,500
000001.SZ,000001,20190102,91500990,0,30548,0,S,98000,1000
000001.SZ,000001,20190102,91500990,0,30710,0,S,96800,400
000001.SZ,000001,20190102,91501000,0,30837,0,S,94800,9100
000001.SZ,000001,20190102,91501000,0,30888,0,B,93100,2100
000001.SZ,000001,20190102,91501000,0,30914,0,S,102000,300
000001.SZ,000001,20190102,91501000,0,30915,0,S,99800,200
000001.SZ,000001,20190102,91501000,0,30925,0,B,93800,100
000001.SZ,000001,20190102,91501000,0,30960,0,S,93800,100
000001.SZ,000001,20190102,91501020,0,31273,0,S,93800,200
000001.SZ,000001,20190102,91501020,0,31279,0,S,94300,100
000001.SZ,000001,20190102,91501020,0,31331,0,B,87700,10200
000001.SZ,000001,20190102,91501020,0,31471,0,B,90300,200
000001.SZ,000001,20190102,91501030,0,31667,0,S,102800,4000
000001.SZ,000001,20190102,91501030,0,31691,0,B,93000,500
000001.SZ,000001,20190102,91501030,0,31694,0,S,94900,500
000001.SZ,000001,20190102,91501040,0,31901,0,B,92500,500
000001.SZ,000001,20190102,91501040,0,31902,0,S,94800,5400
000001.SZ,000001,20190102,91501040,0,31903,0,S,95200,5400
000001.SZ,000001,20190102,91501040,0,31904,0,S,95600,5400
000001.SZ,000001,20190102,91501040,0,31905,0,S,96000,5400
000001.SZ,000001,20190102,91501040,0,31908,0,S,96400,5400
000001.SZ,000001,20190102,91501040,0,31909,0,B,92500,2000
000001.SZ,000001,20190102,91501040,0,31910,0,B,92200,2000
000001.SZ,000001,20190102,91501040,0,31911,0,B,91800,2100
000001.SZ,000001,20190102,91501040,0,31913,0,B,91400,2100
000001.SZ,000001,20190102,91501040,0,31915,0,B,91100,2100
000001.SZ,000001,20190102,91501040,0,31916,0,B,90700,2100
000001.SZ,000001,20190102,91501040,0,31917,0,B,90300,2100
000001.SZ,000001,20190102,91501040,0,31918,0,B,90000,2100
000001.SZ,000001,20190102,91501040,0,31919,0,B,89600,2100
000001.SZ,000001,20190102,91501040,0,31920,0,B,89300,2100
000001.SZ,000001,20190102,91501040,0,32007,0,B,91000,100
000001.SZ,000001,20190102,91501060,0,32185,0,B,93000,2000
000001.SZ,000001,20190102,91501060,0,32188,0,B,92800,500
000001.SZ,000001,20190102,91501060,0,32189,0,B,91900,800
000001.SZ,000001,20190102,91501060,0,32201,0,B,86400,2000
000001.SZ,000001,20190102,91501060,0,32214,0,B,93700,200
000001.SZ,000001,20190102,91501070,0,32379,0,B,89800,900
000001.SZ,000001,20190102,91501070,0,32478,0,B,93700,10900
000001.SZ,000001,20190102,91501070,0,32489,0,B,93000,1000
000001.SZ,000001,20190102,91501070,0,32490,0,B,93100,1000
000001.SZ,000001,20190102,91501070,0,32491,0,B,93200,1000
000001.SZ,000001,20190102,91501070,0,32492,0,S,95500,1000
000001.SZ,000001,20190102,91501070,0,32592,0,B,91700,2000
000001.SZ,000001,20190102,91501070,0,32593,0,S,101100,1700
000001.SZ,000001,20190102,91501070,0,32594,0,B,87700,1600
000001.SZ,000001,20190102,91501070,0,32595,0,S,101100,1700
000001.SZ,000001,20190102,91501080,0,32599,0,B,91700,2000
000001.SZ,000001,20190102,91501080,0,32723,0,S,97000,1500
000001.SZ,000001,20190102,91501080,0,32726,0,S,95900,500
000001.SZ,000001,20190102,91501090,0,32771,0,S,102800,2000
000001.SZ,000001,20190102,91501090,0,32772,0,S,99200,1000
000001.SZ,000001,20190102,91501090,0,32773,0,S,101800,2000
000001.SZ,000001,20190102,91501090,0,32868,0,S,97800,1500
000001.SZ,000001,20190102,91501090,0,32927,0,B,93200,200
000001.SZ,000001,20190102,91501090,0,32968,0,B,93000,100000
000001.SZ,000001,20190102,91501090,0,32973,0,S,101300,1000
000001.SZ,000001,20190102,91501100,0,33098,0,S,97800,50000
000001.SZ,000001,20190102,91501100,0,33099,0,S,95800,50000
000001.SZ,000001,20190102,91501100,0,33100,0,S,98800,50000
000001.SZ,000001,20190102,91501100,0,33101,0,S,94800,50000
000001.SZ,000001,20190102,91501100,0,33104,0,S,99800,50000
000001.SZ,000001,20190102,91501100,0,33118,0,B,88700,1100
000001.SZ,000001,20190102,91501100,0,33121,0,S,96800,50000
000001.SZ,000001,20190102,91501110,0,33228,0,S,94800,500
000001.SZ,000001,20190102,91501110,0,33270,0,S,98500,3000
000001.SZ,000001,20190102,91501110,0,33285,0,S,96500,300
000001.SZ,000001,20190102,91501110,0,33322,0,B,90000,500
000001.SZ,000001,20190102,91501110,0,33323,0,S,100000,500
000001.SZ,000001,20190102,91501120,0,33464,0,S,96600,1500
000001.SZ,000001,20190102,91501120,0,33490,0,S,102100,600
000001.SZ,000001,20190102,91501130,0,33522,0,S,99800,4000
000001.SZ,000001,20190102,91501130,0,33602,0,S,103200,1100
000001.SZ,000001,20190102,91501130,0,33612,0,B,92500,100
000001.SZ,000001,20190102,91501140,0,34000,0,S,95500,2000
000001.SZ,000001,20190102,91501140,0,34001,0,B,91500,2000
000001.SZ,000001,20190102,91501140,0,34011,0,B,92500,7500
000001.SZ,000001,20190102,91501150,0,34042,0,B,89000,100
000001.SZ,000001,20190102,91501150,0,34043,0,S,100800,100
000001.SZ,000001,20190102,91501150,0,34047,0,S,103200,12600
000001.SZ,000001,20190102,91501150,0,34070,0,S,103100,10200
000001.SZ,000001,20190102,91501150,0,34147,0,S,97000,2000
000001.SZ,000001,20190102,91501150,0,34153,0,S,96100,500
000001.SZ,000001,20190102,91501150,0,34312,0,S,97800,1000
000001.SZ,000001,20190102,91501150,0,34313,0,S,98800,1000
000001.SZ,000001,20190102,91501150,0,34315,0,S,99800,1000
000001.SZ,000001,20190102,91501150,0,34318,0,S,100800,1000
000001.SZ,000001,20190102,91501160,0,34369,0,B,93900,2000
000001.SZ,000001,20190102,91501160,0,34381,0,S,96900,2000
000001.SZ,000001,20190102,91501160,0,34401,0,B,90100,1000
000001.SZ,000001,20190102,91501160,0,34554,0,B,93000,14500
000001.SZ,000001,20190102,91501170,0,34650,0,S,103200,1000
000001.SZ,000001,20190102,91501180,0,34785,0,B,87500,100
000001.SZ,000001,20190102,91501180,0,34807,0,B,92500,1000
000001.SZ,000001,20190102,91501180,0,34824,0,B,88000,500
000001.SZ,000001,20190102,91501180,0,34851,0,S,96600,500
000001.SZ,000001,20190102,91501180,0,34855,0,B,85000,600
000001.SZ,000001,20190102,91501180,0,34877,0,S,97100,500
000001.SZ,000001,20190102,91501190,0,34969,0,B,88800,1500
000001.SZ,000001,20190102,91501190,0,35014,0,B,93900,300
000001.SZ,000001,20190102,91501190,0,35016,0,S,96900,300
000001.SZ,000001,20190102,91501200,0,35085,0,B,92100,2000
000001.SZ,000001,20190102,91501200,0,35154,0,B,94000,900
000001.SZ,000001,20190102,91501200,0,35167,0,B,103200,400
000001.SZ,000001,20190102,91501230,0,35663,0,B,88000,2000
000001.SZ,000001,20190102,91501240,0,35721,0,S,94000,10000
000001.SZ,000001,20190102,91501240,0,35800,0,S,95000,2900
000001.SZ,000001,20190102,91501240,0,35801,0,S,96000,3000
000001.SZ,000001,20190102,91501240,0,35802,0,S,97000,3000
000001.SZ,000001,20190102,91501240,0,35803,0,S,98000,3000
000001.SZ,000001,20190102,91501240,0,35836,0,S,100000,10000
000001.SZ,000001,20190102,91501250,0,35885,0,S,96600,1000
000001.SZ,000001,20190102,91501250,0,35919,0,S,94900,1700
000001.SZ,000001,20190102,91501250,0,35920,0,S,102200,5000
000001.SZ,000001,20190102,91501250,0,35924,0,S,103200,2000
000001.SZ,000001,20190102,91501250,0,35926,0,S,101700,1500
000001.SZ,000001,20190102,91501250,0,35951,0,S,101000,500
000001.SZ,000001,20190102,91501250,0,35981,0,S,98500,5000
000001.SZ,000001,20190102,91501250,0,36007,0,B,92800,500
000001.SZ,000001,20190102,91501250,0,36029,0,B,93000,900
000001.SZ,000001,20190102,91501260,0,36087,0,S,100400,200
000001.SZ,000001,20190102,91501260,0,36088,0,B,87700,300
000001.SZ,000001,20190102,91501270,0,36127,0,S,103100,1000
000001.SZ,000001,20190102,91501270,0,36129,0,S,99900,600
000001.SZ,000001,20190102,91501280,0,36307,0,B,93700,500
000001.SZ,000001,20190102,91501290,0,36477,0,B,93900,300
000001.SZ,000001,20190102,91501290,0,36489,0,B,93900,700
000001.SZ,000001,20190102,91501310,0,36732,0,B,93900,1000
000001.SZ,000001,20190102,91501310,0,36735,0,S,101600,2000
000001.SZ,000001,20190102,91501310,0,36748,0,B,90000,400
000001.SZ,000001,20190102,91501320,0,36828,0,S,103000,200
000001.SZ,000001,20190102,91501330,0,36957,0,B,93800,100
000001.SZ,000001,20190102,91501330,0,37035,0,B,93500,500
000001.SZ,000001,20190102,91501340,0,37144,0,S,99800,500
000001.SZ,000001,20190102,91501340,0,37241,0,B,84500,100
000001.SZ,000001,20190102,91501340,0,37242,0,B,90200,100
000001.SZ,000001,20190102,91501340,0,37243,0,B,89200,100
000001.SZ,000001,20190102,91501340,0,37244,0,B,88100,100
000001.SZ,000001,20190102,91501340,0,37245,0,S,103100,100
000001.SZ,000001,20190102,91501340,0,37274,0,S,102800,200
000001.SZ,000001,20190102,91501340,0,37276,0,B,93100,149100
000001.SZ,000001,20190102,91501350,0,37327,0,S,95500,1700
000001.SZ,000001,20190102,91501350,0,37409,0,S,93800,120
000001.SZ,000001,20190102,91501360,0,37433,0,B,93800,200
000001.SZ,000001,20190102,91501360,0,37446,0,S,95700,20400
000001.SZ,000001,20190102,91501360,0,37447,0,S,97500,21700
000001.SZ,000001,20190102,91501360,0,37448,0,S,99900,24400
000001.SZ,000001,20190102,91501360,0,37481,0,S,99500,2600
000001.SZ,000001,20190102,91501360,0,37482,0,S,98500,2700
000001.SZ,000001,20190102,91501360,0,37483,0,S,97500,2700
000001.SZ,000001,20190102,91501370,0,37527,0,B,92900,100
000001.SZ,000001,20190102,91501370,0,37536,0,B,93900,10900
000001.SZ,000001,20190102,91501370,0,37537,0,B,93900,1000
000001.SZ,000001,20190102,91501370,0,37544,0,S,102100,2500
000001.SZ,000001,20190102,91501370,0,37550,0,S,103200,1000
000001.SZ,000001,20190102,91501370,0,37623,0,B,91900,1000
000001.SZ,000001,20190102,91501370,0,37641,0,S,96100,2000
000001.SZ,000001,20190102,91501380,0,37721,0,S,103200,100
000001.SZ,000001,20190102,91501390,0,37853,0,S,102100,26400
000001.SZ,000001,20190102,91501390,0,37863,0,S,102100,100
000001.SZ,000001,20190102,91501400,0,38011,0,S,101200,700
000001.SZ,000001,20190102,91501400,0,38051,0,B,93600,1000
000001.SZ,000001,20190102,91501400,0,38121,0,S,98600,500
000001.SZ,000001,20190102,91501400,0,38122,0,S,99600,500
000001.SZ,000001,20190102,91501400,0,38136,0,S,103000,100
000001.SZ,000001,20190102,91501400,0,38211,0,B,93900,300
000001.SZ,000001,20190102,91501400,0,38225,0,S,100000,100
000001.SZ,000001,20190102,91501400,0,38226,0,S,99000,100
000001.SZ,000001,20190102,91501400,0,38227,0,S,96000,100
000001.SZ,000001,20190102,91501410,0,38307,0,B,93900,700
000001.SZ,000001,20190102,91501410,0,38390,0,S,101000,5200
000001.SZ,000001,20190102,91501420,0,38418,0,S,93800,1100
000001.SZ,000001,20190102,91501430,0,38457,0,S,98000,1000
000001.SZ,000001,20190102,91501430,0,38458,0,S,101000,1000
000001.SZ,000001,20190102,91501430,0,38460,0,B,92000,1000
000001.SZ,000001,20190102,91501440,0,38545,0,S,95500,7800
000001.SZ,000001,20190102,91501440,0,38677,0,B,92500,20000
000001.SZ,000001,20190102,91501440,0,38706,0,S,99000,3400
000001.SZ,000001,20190102,91501460,0,38814,0,B,90100,2000
000001.SZ,000001,20190102,91501460,0,38914,0,B,90300,2000
000001.SZ,000001,20190102,91501470,0,38999,0,S,99000,200
000001.SZ,000001,20190102,91501470,0,39000,0,S,101000,200
000001.SZ,000001,20190102,91501470,0,39025,0,S,102000,100
000001.SZ,000001,20190102,91501470,0,39026,0,S,95000,100
000001.SZ,000001,20190102,91501470,0,39027,0,S,97000,100
000001.SZ,000001,20190102,91501470,0,39031,0,S,99000,100
000001.SZ,000001,20190102,91501470,0,39033,0,B,92000,3300
000001.SZ,000001,20190102,91501470,0,39034,0,S,97000,3200
000001.SZ,000001,20190102,91501470,0,39035,0,S,99000,3200
000001.SZ,000001,20190102,91501470,0,39038,0,S,99500,1000
000001.SZ,000001,20190102,91501470,0,39067,0,S,95800,15100
000001.SZ,000001,20190102,91501470,0,39073,0,S,97100,1000
000001.SZ,000001,20190102,91501470,0,39074,0,S,102100,1000
000001.SZ,000001,20190102,91501470,0,39098,0,S,103000,200
000001.SZ,000001,20190102,91501480,0,39212,0,B,85000,1000
000001.SZ,000001,20190102,91501480,0,39234,0,S,100000,3100
000001.SZ,000001,20190102,91501490,0,39433,0,S,93800,2400
000001.SZ,000001,20190102,91501500,0,39479,0,S,95500,500
000001.SZ,000001,20190102,91501530,0,39734,0,B,93800,300
000001.SZ,000001,20190102,91501530,0,39737,0,S,102800,300
000001.SZ,000001,20190102,91501530,0,39803,0,S,94500,500
000001.SZ,000001,20190102,91501530,0,39804,0,S,94800,500
000001.SZ,000001,20190102,91501530,0,39805,0,S,95500,500
000001.SZ,000001,20190102,91501530,0,39851,0,S,95000,400
000001.SZ,000001,20190102,91501530,0,39853,0,S,96200,500
000001.SZ,000001,20190102,91501530,0,39856,0,S,96000,1000
000001.SZ,000001,20190102,91501530,0,39863,0,B,92000,1000
000001.SZ,000001,20190102,91501540,0,39890,0,B,93900,19100
000001.SZ,000001,20190102,91501540,0,39912,0,S,102000,200
000001.SZ,000001,20190102,91501540,0,39915,0,S,95800,2000
000001.SZ,000001,20190102,91501550,0,40103,0,B,93200,900
000001.SZ,000001,20190102,91501550,0,40107,0,S,94600,900
000001.SZ,000001,20190102,91501550,0,40185,0,S,98700,100
000001.SZ,000001,20190102,91501550,0,40186,0,S,99700,100
000001.SZ,000001,20190102,91501550,0,40187,0,S,101500,200
000001.SZ,000001,20190102,91501550,0,40188,0,S,103100,400
000001.SZ,000001,20190102,91501560,0,40298,0,S,95200,100
000001.SZ,000001,20190102,91501570,0,40375,0,S,94800,900
000001.SZ,000001,20190102,91501570,0,40381,0,S,95000,900
000001.SZ,000001,20190102,91501570,0,40385,0,S,95200,900
000001.SZ,000001,20190102,91501570,0,40389,0,S,95400,900
000001.SZ,000001,20190102,91501570,0,40392,0,S,95600,900
000001.SZ,000001,20190102,91501570,0,40395,0,S,95800,900
000001.SZ,000001,20190102,91501570,0,40398,0,S,96000,900
000001.SZ,000001,20190102,91501570,0,40400,0,S,96200,900
000001.SZ,000001,20190102,91501570,0,40404,0,S,96600,900
000001.SZ,000001,20190102,91501570,0,40407,0,S,96800,900
000001.SZ,000001,20190102,91501570,0,40412,0,S,97000,900
000001.SZ,000001,20190102,91501570,0,40417,0,S,96400,900
000001.SZ,000001,20190102,91501570,0,40421,0,S,97200,900
000001.SZ,000001,20190102,91501570,0,40447,0,S,102800,600
000001.SZ,000001,20190102,91501570,0,40453,0,S,102800,400
000001.SZ,000001,20190102,91501570,0,40483,0,S,96600,1000
000001.SZ,000001,20190102,91501570,0,40484,0,S,98700,1000
000001.SZ,000001,20190102,91501570,0,40490,0,B,87500,200
000001.SZ,000001,20190102,91501570,0,40493,0,S,100000,200
000001.SZ,000001,20190102,91501570,0,40494,0,B,90000,600
000001.SZ,000001,20190102,91501570,0,40495,0,B,85000,800
000001.SZ,000001,20190102,91501580,0,40637,0,B,90500,1100
000001.SZ,000001,20190102,91501590,0,40691,0,S,100700,4400
000001.SZ,000001,20190102,91501590,0,40741,0,B,93600,100
000001.SZ,000001,20190102,91501600,0,40784,0,S,103000,3200
000001.SZ,000001,20190102,91501600,0,40820,0,S,103100,100
000001.SZ,000001,20190102,91501600,0,40851,0,S,94300,900
000001.SZ,000001,20190102,91501600,0,40894,0,B,85500,1000
000001.SZ,000001,20190102,91501600,0,40985,0,S,98800,12000
000001.SZ,000001,20190102,91501610,0,41027,0,S,103200,12100
000001.SZ,000001,20190102,91501610,0,41126,0,S,96900,14400
000001.SZ,000001,20190102,91501610,0,41135,0,S,99700,20000
000001.SZ,000001,20190102,91501610,0,41154,0,S,102100,100
000001.SZ,000001,20190102,91501620,0,41201,0,S,95800,300
000001.SZ,000001,20190102,91501620,0,41204,0,S,95000,3000
000001.SZ,000001,20190102,91501620,0,41205,0,S,95100,3000
000001.SZ,000001,20190102,91501620,0,41206,0,S,95200,3000
000001.SZ,000001,20190102,91501620,0,41207,0,S,95300,3000
000001.SZ,000001,20190102,91501620,0,41208,0,S,95400,3000
000001.SZ,000001,20190102,91501620,0,41209,0,S,95500,3000
000001.SZ,000001,20190102,91501620,0,41210,0,S,95600,3000
000001.SZ,000001,20190102,91501620,0,41211,0,S,95700,3000
000001.SZ,000001,20190102,91501620,0,41212,0,S,95800,3000
000001.SZ,000001,20190102,91501620,0,41213,0,S,95900,3000
000001.SZ,000001,20190102,91501620,0,41214,0,S,96000,3000
000001.SZ,000001,20190102,91501620,0,41215,0,S,96100,3000
000001.SZ,000001,20190102,91501620,0,41216,0,S,96200,3000
000001.SZ,000001,20190102,91501620,0,41217,0,S,96300,3000
000001.SZ,000001,20190102,91501620,0,41218,0,S,96400,3000
000001.SZ,000001,20190102,91501620,0,41219,0,S,96500,3000
000001.SZ,000001,20190102,91501620,0,41220,0,S,96600,3000
000001.SZ,000001,20190102,91501620,0,41273,0,S,97400,900
000001.SZ,000001,20190102,91501620,0,41277,0,S,97600,900
000001.SZ,000001,20190102,91501620,0,41280,0,S,97800,900
000001.SZ,000001,20190102,91501620,0,41284,0,S,98000,900
000001.SZ,000001,20190102,91501620,0,41287,0,B,93000,900
000001.SZ,000001,20190102,91501620,0,41419,0,S,99800,1600
000001.SZ,000001,20190102,91501630,0,41515,0,S,98500,100
000001.SZ,000001,20190102,91501650,0,41752,0,B,88100,1000
000001.SZ,000001,20190102,91501650,0,41757,0,B,90000,2000
000001.SZ,000001,20190102,91501650,0,41847,0,B,92200,9000
000001.SZ,000001,20190102,91501650,0,41849,0,B,90100,11000
000001.SZ,000001,20190102,91501650,0,41901,0,S,96600,7000
000001.SZ,000001,20190102,91501660,0,41957,0,S,101800,500
000001.SZ,000001,20190102,91501670,0,41978,0,S,96700,3000
000001.SZ,000001,20190102,91501670,0,41979,0,S,96800,3000
000001.SZ,000001,20190102,91501670,0,41980,0,S,96900,3000
000001.SZ,000001,20190102,91501670,0,41981,0,S,97000,3000
000001.SZ,000001,20190102,91501670,0,41982,0,S,97100,3000
000001.SZ,000001,20190102,91501670,0,41983,0,S,97200,3000
000001.SZ,000001,20190102,91501670,0,41984,0,S,97300,3000
000001.SZ,000001,20190102,91501670,0,41985,0,S,97400,3000
000001.SZ,000001,20190102,91501670,0,41986,0,S,97500,3000
000001.SZ,000001,20190102,91501670,0,41987,0,S,97600,3000
000001.SZ,000001,20190102,91501670,0,41988,0,S,97700,3000
000001.SZ,000001,20190102,91501670,0,41989,0,S,97800,3000
000001.SZ,000001,20190102,91501670,0,41990,0,S,97900,3000
000001.SZ,000001,20190102,91501670,0,41991,0,S,98000,3000
000001.SZ,000001,20190102,91501670,0,42089,0,S,103000,100
000001.SZ,000001,20190102,91501670,0,42155,0,S,103100,300
000001.SZ,000001,20190102,91501690,0,42313,0,B,93100,2300
000001.SZ,000001,20190102,91501710,0,42382,0,B,93800,600
000001.SZ,000001,20190102,91501710,0,42447,0,S,97700,7000
000001.SZ,000001,20190102,91501710,0,42457,0,S,103200,400
000001.SZ,000001,20190102,91501720,0,42492,0,B,93800,800
000001.SZ,000001,20190102,91501720,0,42506,0,B,93000,5000
000001.SZ,000001,20190102,91501720,0,42507,0,B,92100,5000
000001.SZ,000001,20190102,91501730,0,42596,0,S,94500,300
000001.SZ,000001,20190102,91501730,0,42597,0,S,94900,400
000001.SZ,000001,20190102,91501750,0,42793,0,B,93000,3000
000001.SZ,000001,20190102,91501770,0,42955,0,B,89000,1600
000001.SZ,000001,20190102,91501780,0,43085,0,B,93300,5000
000001.SZ,000001,20190102,91501790,0,43208,0,S,94600,200
000001.SZ,000001,20190102,91501790,0,43255,0,B,90300,2200
000001.SZ,000001,20190102,91501800,0,43466,0,B,91100,10000
000001.SZ,000001,20190102,91501820,0,43772,0,B,92500,1500
000001.SZ,000001,20190102,91501820,0,43845,0,B,90200,500
000001.SZ,000001,20190102,91501830,0,44027,0,S,102200,5000
000001.SZ,000001,20190102,91501830,0,44053,0,B,93100,1000
000001.SZ,000001,20190102,91501840,0,44145,0,B,93000,1000
000001.SZ,000001,20190102,91501840,0,44229,0,S,102100,2000
000001.SZ,000001,20190102,91501850,0,44257,0,S,103200,100
000001.SZ,000001,20190102,91501850,0,44261,0,B,89100,100
000001.SZ,000001,20190102,91501850,0,44262,0,B,86800,100
000001.SZ,000001,20190102,91501850,0,44263,0,B,84400,100
000001.SZ,000001,20190102,91501880,0,44562,0,S,98800,300
000001.SZ,000001,20190102,91501880,0,44594,0,S,99800,300
000001.SZ,000001,20190102,91501880,0,44596,0,S,100800,300
000001.SZ,000001,20190102,91501890,0,44754,0,S,103000,2200
000001.SZ,000001,20190102,91501900,0,44919,0,B,90000,100
000001.SZ,000001,20190102,91501910,0,45208,0,B,93800,300
000001.SZ,000001,20190102,91501910,0,45362,0,S,98800,300
000001.SZ,000001,20190102,91501910,0,45363,0,B,92900,1500
000001.SZ,000001,20190102,91501910,0,45365,0,B,92500,5000
000001.SZ,000001,20190102,91501920,0,45479,0,S,103200,200
000001.SZ,000001,20190102,91501920,0,45544,0,S,97500,1100
000001.SZ,000001,20190102,91501920,0,45557,0,S,97500,400
000001.SZ,000001,20190102,91501920,0,45558,0,S,99200,400
000001.SZ,000001,20190102,91501920,0,45559,0,S,100700,400
000001.SZ,000001,20190102,91501920,0,45613,0,B,84400,200
000001.SZ,000001,20190102,91501930,0,45655,0,S,103000,1000
000001.SZ,000001,20190102,91501930,0,45752,0,B,90000,100
000001.SZ,000001,20190102,91501930,0,45755,0,S,100000,100
000001.SZ,000001,20190102,91501930,0,45778,0,B,93300,400
000001.SZ,000001,20190102,91501940,0,45788,0,S,95800,200
000001.SZ,000001,20190102,91501940,0,45862,0,S,99900,1800
000001.SZ,000001,20190102,91501940,0,45874,0,S,103000,800
000001.SZ,000001,20190102,91501980,0,46151,0,S,95000,1100
000001.SZ,000001,20190102,91501980,0,46152,0,S,96000,1100
000001.SZ,000001,20190102,91501980,0,46153,0,S,97000,1100
000001.SZ,000001,20190102,91501980,0,46187,0,S,100000,10000
000001.SZ,000001,20190102,91501980,0,46202,0,S,101800,20000
000001.SZ,000001,20190102,91501980,0,46204,0,S,101800,10000
000001.SZ,000001,20190102,91501980,0,46205,0,S,101800,5000
000001.SZ,000001,20190102,91501980,0,46235,0,S,100500,1100
000001.SZ,000001,20190102,91501980,0,46283,0,S,101500,400
000001.SZ,000001,20190102,91502000,0,46409,0,B,84400,1900
000001.SZ,000001,20190102,91502020,0,46562,0,S,95600,1000
000001.SZ,000001,20190102,91502020,0,46563,0,B,92100,300
000001.SZ,000001,20190102,91502030,0,46656,0,B,93800,2000
000001.SZ,000001,20190102,91502030,0,46657,0,B,93200,2000
000001.SZ,000001,20190102,91502030,0,46658,0,B,92800,2000
000001.SZ,000001,20190102,91502050,0,46914,0,S,95800,2600
000001.SZ,000001,20190102,91502060,0,47064,0,B,91900,200
000001.SZ,000001,20190102,91502060,0,47076,0,B,94200,1000
000001.SZ,000001,20190102,91502070,0,47213,0,S,97500,4200
000001.SZ,000001,20190102,91502090,0,47335,0,S,99700,4000
000001.SZ,000001,20190102,91502090,0,47343,0,S,103000,817
000001.SZ,000001,20190102,91502100,0,47427,0,B,93000,2000
000001.SZ,000001,20190102,91502100,0,47504,0,B,92800,1000
000001.SZ,000001,20190102,91502100,0,47515,0,S,98000,2000
000001.SZ,000001,20190102,91502130,0,47746,0,S,102300,500
000001.SZ,000001,20190102,91502160,0,48063,0,B,92000,1000
000001.SZ,000001,20190102,91502160,0,48161,0,B,90100,200
000001.SZ,000001,20190102,91502160,0,48163,0,B,92800,200
000001.SZ,000001,20190102,91502180,0,48410,0,B,86000,400
000001.SZ,000001,20190102,91502180,0,48424,0,S,100100,4000
000001.SZ,000001,20190102,91502180,0,48432,0,S,94800,1300
000001.SZ,000001,20190102,91502180,0,48494,0,S,94700,12600
000001.SZ,000001,20190102,91502180,0,48528,0,B,89000,100
000001.SZ,000001,20190102,91502180,0,48545,0,S,103100,8500
000001.SZ,000001,20190102,91502190,0,48589,0,S,102000,400
000001.SZ,000001,20190102,91502200,0,48630,0,B,92300,3000
000001.SZ,000001,20190102,91502200,0,48635,0,B,91700,3000
000001.SZ,000001,20190102,91502200,0,48637,0,B,92500,3100
000001.SZ,000001,20190102,91502200,0,48656,0,S,96000,7400
000001.SZ,000001,20190102,91502210,0,48748,0,B,93500,1500
000001.SZ,000001,20190102,91502210,0,48783,0,B,93800,1100
000001.SZ,000001,20190102,91502220,0,48894,0,B,98500,22100
000001.SZ,000001,20190102,91502220,0,48953,0,S,102300,400
000001.SZ,000001,20190102,91502240,0,49066,0,S,101000,1800
000001.SZ,000001,20190102,91502240,0,49117,0,S,96900,70500
000001.SZ,000001,20190102,91502240,0,49118,0,S,96000,70500
000001.SZ,000001,20190102,91502240,0,49195,0,B,92700,1500
000001.SZ,000001,20190102,91502270,0,49641,0,B,91500,500
000001.SZ,000001,20190102,91502290,0,49820,0,S,102900,1300
000001.SZ,000001,20190102,91502290,0,49822,0,S,98900,1000
000001.SZ,000001,20190102,91502290,0,49823,0,S,99900,1000
000001.SZ,000001,20190102,91502290,0,49836,0,S,100700,1000
000001.SZ,000001,20190102,91502290,0,49838,0,S,100100,1000
000001.SZ,000001,20190102,91502320,0,50111,0,S,95400,200
000001.SZ,000001,20190102,91502350,0,50204,0,B,92500,3000
000001.SZ,000001,20190102,91502350,0,50205,0,B,90200,3000
000001.SZ,000001,20190102,91502420,0,50478,0,S,95000,1000
000001.SZ,000001,20190102,91502420,0,50479,0,S,96000,1000
000001.SZ,000001,20190102,91502420,0,50480,0,S,97000,1000
000001.SZ,000001,20190102,91502440,0,50549,0,B,90000,200
000001.SZ,000001,20190102,91502450,0,50640,0,S,103000,1000
000001.SZ,000001,20190102,91502450,0,50673,0,B,92000,1000
000001.SZ,000001,20190102,91502450,0,50718,0,S,95500,1900
000001.SZ,000001,20190102,91502460,0,50731,0,S,101700,300
000001.SZ,000001,20190102,91502460,0,50732,0,S,99600,300
000001.SZ,000001,20190102,91502460,0,50733,0,S,97600,300
000001.SZ,000001,20190102,91502470,0,50793,0,B,92900,100
000001.SZ,000001,20190102,91502470,0,50818,0,S,103100,700
000001.SZ,000001,20190102,91502500,0,51034,0,B,92100,100
000001.SZ,000001,20190102,91502500,0,51035,0,B,91000,100
000001.SZ,000001,20190102,91502500,0,51036,0,B,90000,100
000001.SZ,000001,20190102,91502510,0,51082,0,S,97100,200
000001.SZ,000001,20190102,91502510,0,51118,0,S,103200,1000
000001.SZ,000001,20190102,91502510,0,51120,0,S,97800,500
000001.SZ,000001,20190102,91502510,0,51123,0,S,99800,500
000001.SZ,000001,20190102,91502520,0,51152,0,S,99800,6400
000001.SZ,000001,20190102,91502520,0,51160,0,B,86600,600
000001.SZ,000001,20190102,91502520,0,51170,0,S,96600,3000
000001.SZ,000001,20190102,91502540,0,51271,0,S,95600,100
000001.SZ,000001,20190102,91502560,0,51500,0,S,98800,1000
000001.SZ,000001,20190102,91502590,0,51696,0,S,95600,1100
000001.SZ,000001,20190102,91502590,0,51697,0,S,95600,1100
000001.SZ,000001,20190102,91502610,0,51795,0,S,94800,2000
000001.SZ,000001,20190102,91502610,0,51796,0,S,95800,2000
000001.SZ,000001,20190102,91502610,0,51797,0,S,96800,2000
000001.SZ,000001,20190102,91502610,0,51798,0,B,92200,2000
000001.SZ,000001,20190102,91502610,0,51799,0,B,91300,2000
000001.SZ,000001,20190102,91502610,0,51800,0,B,90300,3000
000001.SZ,000001,20190102,91502610,0,51801,0,S,96600,500
000001.SZ,000001,20190102,91502610,0,51802,0,B,90300,1000
000001.SZ,000001,20190102,91502650,0,52135,0,S,102000,1500
000001.SZ,000001,20190102,91502650,0,52136,0,S,103000,2000
000001.SZ,000001,20190102,91502680,0,52350,0,S,97600,900
000001.SZ,000001,20190102,91502680,0,52360,0,B,91200,200
000001.SZ,000001,20190102,91502700,0,52482,0,B,89000,200
000001.SZ,000001,20190102,91502700,0,52483,0,S,101900,200
000001.SZ,000001,20190102,91502710,0,52539,0,B,93300,300
000001.SZ,000001,20190102,91502710,0,52615,0,B,93200,200
000001.SZ,000001,20190102,91502710,0,52616,0,B,93000,200
000001.SZ,000001,20190102,91502710,0,52617,0,B,92800,200
000001.SZ,000001,20190102,91502710,0,52619,0,B,84800,1000
000001.SZ,000001,20190102,91502750,0,52800,0,S,102100,200
000001.SZ,000001,20190102,91502750,0,52806,0,B,92800,500
000001.SZ,000001,20190102,91502760,0,52880,0,S,96000,5000
000001.SZ,000001,20190102,91502760,0,52900,0,B,92200,1500
000001.SZ,000001,20190102,91502770,0,52929,0,B,92000,3200
000001.SZ,000001,20190102,91502780,0,53022,0,S,98800,3300
000001.SZ,000001,20190102,91502790,0,53058,0,S,96500,100
000001.SZ,000001,20190102,91502800,0,53162,0,S,101600,600
000001.SZ,000001,20190102,91502810,0,53180,0,B,93500,500
000001.SZ,000001,20190102,91502810,0,53217,0,B,90000,100
000001.SZ,000001,20190102,91502840,0,53418,0,S,94600,1000
000001.SZ,000001,20190102,91502840,0,53469,0,B,92800,1100
000001.SZ,000001,20190102,91502860,0,53531,0,S,94000,3000
000001.SZ,000001,20190102,91502860,0,53570,0,S,102000,300
000001.SZ,000001,20190102,91502860,0,53587,0,S,95600,2900
000001.SZ,000001,20190102,91502880,0,53775,0,S,95700,1700
000001.SZ,000001,20190102,91502890,0,53817,0,S,103000,100
000001.SZ,000001,20190102,91502900,0,53926,0,B,94300,1500
000001.SZ,000001,20190102,91502930,0,54040,0,S,98500,500
000001.SZ,000001,20190102,91502960,0,54202,0,S,96500,1500
000001.SZ,000001,20190102,91502960,0,54203,0,S,96900,1500
000001.SZ,000001,20190102,91502960,0,54204,0,S,97500,1500
000001.SZ,000001,20190102,91502960,0,54205,0,S,97900,1500
000001.SZ,000001,20190102,91502960,0,54206,0,S,98500,1500
000001.SZ,000001,20190102,91502960,0,54207,0,S,98900,1500
000001.SZ,000001,20190102,91502960,0,54242,0,S,98800,200
000001.SZ,000001,20190102,91502970,0,54333,0,S,98700,2400
000001.SZ,000001,20190102,91502980,0,54399,0,B,93800,100
000001.SZ,000001,20190102,91502980,0,54400,0,S,100400,1000
000001.SZ,000001,20190102,91502980,0,54403,0,S,96600,2400
000001.SZ,000001,20190102,91502990,0,54448,0,B,92100,500
000001.SZ,000001,20190102,91502990,0,54489,0,S,98000,6000
000001.SZ,000001,20190102,91502990,0,54511,0,B,92000,1000
000001.SZ,000001,20190102,91502990,0,54512,0,B,90000,1000
000001.SZ,000001,20190102,91503020,0,54698,0,B,90200,1000
000001.SZ,000001,20190102,91503020,0,54702,0,S,95800,500
000001.SZ,000001,20190102,91503030,0,54806,0,S,98000,500
000001.SZ,000001,20190102,91503030,0,54807,0,S,100000,500
000001.SZ,000001,20190102,91503030,0,54808,0,S,102000,500
000001.SZ,000001,20190102,91503030,0,54819,0,S,95300,1000
000001.SZ,000001,20190102,91503030,0,54820,0,S,99300,1000
000001.SZ,000001,20190102,91503040,0,54934,0,B,93800,4800
000001.SZ,000001,20190102,91503050,0,54996,0,S,103200,1500
000001.SZ,000001,20190102,91503060,0,55072,0,B,94500,500
000001.SZ,000001,20190102,91503070,0,55115,0,S,94900,1000
000001.SZ,000001,20190102,91503130,0,55335,0,S,95000,5000
000001.SZ,000001,20190102,91503130,0,55350,0,S,99100,2600
000001.SZ,000001,20190102,91503130,0,55371,0,S,103100,1700
000001.SZ,000001,20190102,91503140,0,55379,0,S,95800,3000
000001.SZ,000001,20190102,91503140,0,55380,0,S,96800,3000
000001.SZ,000001,20190102,91503140,0,55397,0,B,92100,2000
000001.SZ,000001,20190102,91503150,0,55455,0,S,100000,200
000001.SZ,000001,20190102,91503170,0,55572,0,S,94400,10000
000001.SZ,000001,20190102,91503170,0,55619,0,S,97000,600
000001.SZ,000001,20190102,91503180,0,55674,0,S,99700,600
000001.SZ,000001,20190102,91503180,0,55696,0,S,94900,100
000001.SZ,000001,20190102,91503180,0,55699,0,B,92900,200
000001.SZ,000001,20190102,91503180,0,55700,0,B,91900,100
000001.SZ,000001,20190102,91503180,0,55701,0,B,91000,100
000001.SZ,000001,20190102,91503180,0,55702,0,S,95700,100
000001.SZ,000001,20190102,91503180,0,55703,0,S,96600,200
000001.SZ,000001,20190102,91503180,0,55704,0,S,97600,100
000001.SZ,000001,20190102,91503180,0,55705,0,S,98500,100
000001.SZ,000001,20190102,91503180,0,55706,0,S,99400,100
000001.SZ,000001,20190102,91503180,0,55707,0,S,100400,100
000001.SZ,000001,20190102,91503180,0,55708,0,S,101300,100
000001.SZ,000001,20190102,91503180,0,55709,0,S,102200,100
000001.SZ,000001,20190102,91503180,0,55710,0,S,103200,100
000001.SZ,000001,20190102,91503180,0,55712,0,S,99500,1800
000001.SZ,000001,20190102,91503180,0,55716,0,S,94800,300
000001.SZ,000001,20190102,91503180,0,55718,0,S,96500,100
000001.SZ,000001,20190102,91503220,0,55911,0,B,92400,2000
000001.SZ,000001,20190102,91503220,0,55920,0,B,90000,100
000001.SZ,000001,20190102,91503220,0,55930,0,S,98600,300
000001.SZ,000001,20190102,91503230,0,55965,0,B,93200,500
000001.SZ,000001,20190102,91503240,0,56004,0,S,93800,600
000001.SZ,000001,20190102,91503260,0,56163,0,B,92200,1000
000001.SZ,000001,20190102,91503260,0,56167,0,S,101900,2000
000001.SZ,000001,20190102,91503260,0,56168,0,S,100900,1900
000001.SZ,000001,20190102,91503260,0,56169,0,S,99900,1800
000001.SZ,000001,20190102,91503280,0,56266,0,S,103000,300
000001.SZ,000001,20190102,91503310,0,56385,0,B,93100,1500
000001.SZ,000001,20190102,91503340,0,56491,0,S,103000,3800
000001.SZ,000001,20190102,91503380,0,56655,0,S,96000,600
000001.SZ,000001,20190102,91503390,0,56682,0,B,90000,300
000001.SZ,000001,20190102,91503390,0,56695,0,B,93800,26300
000001.SZ,000001,20190102,91503400,0,56742,0,S,100000,100
000001.SZ,000001,20190102,91503410,0,56781,0,S,95400,1000
000001.SZ,000001,20190102,91503410,0,56820,0,S,96600,2000
000001.SZ,000001,20190102,91503450,0,56942,0,S,98000,2000
000001.SZ,000001,20190102,91503450,0,56943,0,S,100000,2000
000001.SZ,000001,20190102,91503470,0,56993,0,B,87700,100
000001.SZ,000001,20190102,91503470,0,57012,0,S,95400,1000
000001.SZ,000001,20190102,91503470,0,57013,0,S,95900,1000
000001.SZ,000001,20190102,91503470,0,57014,0,B,92000,2000
000001.SZ,000001,20190102,91503470,0,57015,0,S,96400,1000
000001.SZ,000001,20190102,91503470,0,57016,0,S,96900,1000
000001.SZ,000001,20190102,91503470,0,57017,0,B,91500,2000
000001.SZ,000001,20190102,91503470,0,57018,0,S,97400,1000
000001.SZ,000001,20190102,91503470,0,57019,0,S,97900,1000
000001.SZ,000001,20190102,91503470,0,57020,0,S,98400,1000
000001.SZ,000001,20190102,91503470,0,57021,0,S,98900,1000
000001.SZ,000001,20190102,91503470,0,57022,0,S,99400,1000
000001.SZ,000001,20190102,91503470,0,57024,0,S,99900,1000
000001.SZ,000001,20190102,91503530,0,57117,0,S,95000,3500
000001.SZ,000001,20190102,91503530,0,57118,0,S,96000,3500
000001.SZ,000001,20190102,91503530,0,57119,0,S,97000,3500
000001.SZ,000001,20190102,91503530,0,57120,0,S,98000,3500
000001.SZ,000001,20190102,91503530,0,57121,0,S,99000,3500
000001.SZ,000001,20190102,91503530,0,57122,0,S,103200,3500
000001.SZ,000001,20190102,91503530,0,57123,0,S,103000,3500
000001.SZ,000001,20190102,91503530,0,57124,0,S,100000,3500
000001.SZ,000001,20190102,91503530,0,57125,0,S,101000,3500
000001.SZ,000001,20190102,91503530,0,57126,0,S,102000,3500
000001.SZ,000001,20190102,91503530,0,57128,0,B,93000,3500
000001.SZ,000001,20190102,91503530,0,57129,0,B,92000,3500
000001.SZ,000001,20190102,91503530,0,57130,0,B,91000,3500
000001.SZ,000001,20190102,91503530,0,57131,0,B,90000,3500
000001.SZ,000001,20190102,91503540,0,57171,0,S,103200,100
000001.SZ,000001,20190102,91503560,0,57196,0,S,97000,800
000001.SZ,000001,20190102,91503560,0,57200,0,S,97000,800
000001.SZ,000001,20190102,91503560,0,57210,0,S,99500,800
000001.SZ,000001,20190102,91503590,0,57300,0,S,98800,2000
000001.SZ,000001,20190102,91503640,0,57412,0,S,103000,900
000001.SZ,000001,20190102,91503650,0,57479,0,S,97600,28600
000001.SZ,000001,20190102,91503650,0,57483,0,B,91000,18000
000001.SZ,000001,20190102,91503690,0,57506,0,S,95600,1100
000001.SZ,000001,20190102,91503690,0,57535,0,B,91100,1000
000001.SZ,000001,20190102,91503690,0,57536,0,B,88800,2000
000001.SZ,000001,20190102,91503690,0,57537,0,B,90100,2000
000001.SZ,000001,20190102,91503700,0,57552,0,S,95400,17000
000001.SZ,000001,20190102,91503700,0,57558,0,S,98000,1100
000001.SZ,000001,20190102,91503700,0,57560,0,S,103000,1000
000001.SZ,000001,20190102,91503760,0,57677,0,S,100000,67800
000001.SZ,000001,20190102,91503790,0,57776,0,S,100800,100
000001.SZ,000001,20190102,91503810,0,57806,0,B,92100,1100
000001.SZ,000001,20190102,91503810,0,57807,0,B,91100,1100
000001.SZ,000001,20190102,91503810,0,57808,0,B,90100,1100
000001.SZ,000001,20190102,91503810,0,57809,0,S,95300,1100
000001.SZ,000001,20190102,91503810,0,57810,0,S,96300,1100
000001.SZ,000001,20190102,91503810,0,57811,0,S,97200,1100
000001.SZ,000001,20190102,91503820,0,57826,0,B,92000,200
000001.SZ,000001,20190102,91503920,0,58037,0,B,90800,800
000001.SZ,000001,20190102,91503920,0,58038,0,B,89400,1000
000001.SZ,000001,20190102,91503920,0,58039,0,B,88000,1400
000001.SZ,000001,20190102,91503920,0,58043,0,B,91000,1000
000001.SZ,000001,20190102,91503920,0,58048,0,B,93000,1000
000001.SZ,000001,20190102,91503940,0,58100,0,S,97500,3000
000001.SZ,000001,20190102,91503950,0,58209,0,B,92000,200
000001.SZ,000001,20190102,91503970,0,58245,0,S,101000,3500
000001.SZ,000001,20190102,91503980,0,58290,0,S,94800,400
000001.SZ,000001,20190102,91503980,0,58297,0,B,91100,200
000001.SZ,000001,20190102,91504000,0,58358,0,B,93900,2100
000001.SZ,000001,20190102,91504020,0,58457,0,S,100000,3000
000001.SZ,000001,20190102,91504020,0,58461,0,S,102400,3000
000001.SZ,000001,20190102,91504020,0,58463,0,S,99400,3000
000001.SZ,000001,20190102,91504020,0,58490,0,B,90000,500
000001.SZ,000001,20190102,91504020,0,58494,0,B,90000,3000
000001.SZ,000001,20190102,91504020,0,58502,0,B,87500,3000
000001.SZ,000001,20190102,91504230,0,58966,0,S,103200,1000
000001.SZ,000001,20190102,91504290,0,59078,0,S,100000,7700
000001.SZ,000001,20190102,91504470,0,59183,0,S,101000,200
000001.SZ,000001,20190102,91504470,0,59184,0,B,84600,200
000001.SZ,000001,20190102,91504630,0,59329,0,B,93800,3000
000001.SZ,000001,20190102,91504760,0,59445,0,S,97200,100
000001.SZ,000001,20190102,91504760,0,59450,0,B,88200,200
000001.SZ,000001,20190102,91504760,0,59455,0,B,91900,3000
000001.SZ,000001,20190102,91504840,0,59570,0,S,99100,300
000001.SZ,000001,20190102,91504840,0,59571,0,B,89100,200
000001.SZ,000001,20190102,91505760,0,60017,0,B,103200,2600
000001.SZ,000001,20190102,91505880,0,60077,0,S,95900,1600
000001.SZ,000001,20190102,91506620,0,60305,0,S,95700,100
000001.SZ,000001,20190102,91506620,0,60310,0,S,98700,100
000001.SZ,000001,20190102,91507050,0,60397,0,B,91500,500
000001.SZ,000001,20190102,91507600,0,60472,0,S,95800,500
000001.SZ,000001,20190102,91507620,0,60497,0,S,103200,4500
000001.SZ,000001,20190102,91509620,0,60714,0,B,84400,100
000001.SZ,000001,20190102,91509850,0,60737,0,B,92500,1000
000001.SZ,000001,20190102,91512400,0,60942,0,B,93900,1000
000001.SZ,000001,20190102,91515660,0,61081,0,S,93900,2000
000001.SZ,000001,20190102,91516180,0,61105,0,S,103000,500
000001.SZ,000001,20190102,91524410,0,61389,0,S,96000,3200
000001.SZ,000001,20190102,91526420,0,61455,0,S,95000,20000
000001.SZ,000001,20190102,91529980,0,61577,0,S,103200,200
000001.SZ,000001,20190102,91530220,0,61582,0,S,89100,10712
000001.SZ,000001,20190102,91534430,0,61735,0,S,95900,70500
000001.SZ,000001,20190102,91535290,0,61760,0,S,103000,2000
000001.SZ,000001,20190102,91536520,0,61798,0,S,94900,2000
000001.SZ,000001,20190102,91538200,0,61854,0,B,84500,100
000001.SZ,000001,20190102,91541170,0,61948,0,S,96200,400
000001.SZ,000001,20190102,91549880,0,62293,0,B,93900,400
000001.SZ,000001,20190102,91552040,0,62361,0,B,93500,3000
000001.SZ,000001,20190102,91552470,0,62383,0,S,95000,100
000001.SZ,000001,20190102,91558070,0,62573,0,S,103200,300
000001.SZ,000001,20190102,91559540,0,62631,0,S,102000,3500
000001.SZ,000001,20190102,91600320,0,62664,0,B,93400,500
000001.SZ,000001,20190102,91601250,0,62697,0,S,102800,1000
000001.SZ,000001,20190102,91603370,0,62780,0,S,96500,100
000001.SZ,000001,20190102,91607470,0,62956,0,B,93900,300
000001.SZ,000001,20190102,91609820,0,63045,0,B,92700,10000
000001.SZ,000001,20190102,91610720,0,63089,0,S,99000,2100
000001.SZ,000001,20190102,91612020,0,63145,0,S,103200,400
000001.SZ,000001,20190102,91612240,0,63159,0,B,94000,5600
000001.SZ,000001,20190102,91619700,0,63472,0,S,94500,3000
000001.SZ,000001,20190102,91620100,0,63488,0,S,99800,8100
000001.SZ,000001,20190102,91623210,0,63631,0,S,95500,400
000001.SZ,000001,20190102,91623250,0,63633,0,S,103200,5000
000001.SZ,000001,20190102,91624280,0,63728,0,S,93800,53100
000001.SZ,000001,20190102,91630120,0,64046,0,S,89100,8538
000001.SZ,000001,20190102,91632580,0,64177,0,S,95700,2000
000001.SZ,000001,20190102,91633300,0,64206,0,S,103200,1000
000001.SZ,000001,20190102,91633360,0,64211,0,S,97000,700
000001.SZ,000001,20190102,91635280,0,64304,0,S,99900,1000
000001.SZ,000001,20190102,91635770,0,64328,0,S,101000,1000
000001.SZ,000001,20190102,91638070,0,64440,0,S,96600,10000
000001.SZ,000001,20190102,91639910,0,64550,0,S,103000,100
000001.SZ,000001,20190102,91641590,0,64643,0,B,92800,4600
000001.SZ,000001,20190102,91643490,0,64746,0,B,92800,2000
000001.SZ,000001,20190102,91643840,0,64762,0,B,90300,1000
000001.SZ,000001,20190102,91645630,0,64866,0,B,93900,5000
000001.SZ,000001,20190102,91649110,0,65078,0,B,85300,2000
000001.SZ,000001,20190102,91654080,0,65346,0,B,93900,900
000001.SZ,000001,20190102,91656150,0,65524,0,S,96400,1500
000001.SZ,000001,20190102,91701580,0,65816,0,B,93100,2000
000001.SZ,000001,20190102,91701990,0,65838,0,S,99900,3200
000001.SZ,000001,20190102,91702050,0,65841,0,S,96800,200
000001.SZ,000001,20190102,91702050,0,65843,0,S,96500,400
000001.SZ,000001,20190102,91704150,0,65952,0,S,103200,500
000001.SZ,000001,20190102,91705100,0,66002,0,S,95000,500
000001.SZ,000001,20190102,91705750,0,66043,0,B,98600,400
000001.SZ,000001,20190102,91706290,0,66071,0,B,89800,500
000001.SZ,000001,20190102,91708530,0,66199,0,B,93800,500
000001.SZ,000001,20190102,91709930,0,66282,0,S,94500,20000
000001.SZ,000001,20190102,91710470,0,66312,0,B,90000,500
000001.SZ,000001,20190102,91711750,0,66380,0,B,90300,500
000001.SZ,000001,20190102,91712680,0,66435,0,B,93900,400
000001.SZ,000001,20190102,91715360,0,66586,0,B,90000,1000
000001.SZ,000001,20190102,91715810,0,66612,0,S,97400,1700
000001.SZ,000001,20190102,91716610,0,66653,0,B,93600,20000
000001.SZ,000001,20190102,91717710,0,66709,0,S,95100,2900
000001.SZ,000001,20190102,91721410,0,66903,0,S,95400,20000
000001.SZ,000001,20190102,91721840,0,66924,0,S,95900,1000
000001.SZ,000001,20190102,91723750,0,67041,0,S,103000,7200
000001.SZ,000001,20190102,91723980,0,67050,0,S,98400,2000
000001.SZ,000001,20190102,91727150,0,67239,0,S,95300,400
000001.SZ,000001,20190102,91727350,0,67258,0,B,93500,1100
000001.SZ,000001,20190102,91727850,0,67281,0,S,97500,1000
000001.SZ,000001,20190102,91731200,0,67506,0,S,89100,8202
000001.SZ,000001,20190102,91733330,0,67638,0,S,95300,1200
000001.SZ,000001,20190102,91734390,0,67693,0,S,100000,1000
000001.SZ,000001,20190102,91740540,0,68100,0,B,93900,500
000001.SZ,000001,20190102,91742870,0,68256,0,S,94400,1000
000001.SZ,000001,20190102,91743650,0,68317,0,B,93100,500
000001.SZ,000001,20190102,91744730,0,68402,0,S,95500,1500
000001.SZ,000001,20190102,91756120,0,69073,0,S,94200,5000
000001.SZ,000001,20190102,91756970,0,69119,0,S,99400,3000
000001.SZ,000001,20190102,91802690,0,69523,0,B,94200,3200
000001.SZ,000001,20190102,91803080,0,69555,0,S,94900,6000
000001.SZ,000001,20190102,91803790,0,69599,0,B,92000,1500
000001.SZ,000001,20190102,91806610,0,69789,0,S,95500,1000
000001.SZ,000001,20190102,91808140,0,69895,0,B,93600,10000
000001.SZ,000001,20190102,91808550,0,69925,0,S,99900,500
000001.SZ,000001,20190102,91810580,0,70067,0,S,94800,1000
000001.SZ,000001,20190102,91811060,0,70101,0,S,95400,10600
000001.SZ,000001,20190102,91812960,0,70227,0,S,99900,1200
000001.SZ,000001,20190102,91818150,0,70554,0,B,84400,100
000001.SZ,000001,20190102,91822830,0,70915,0,B,90000,500
000001.SZ,000001,20190102,91823320,0,70953,0,B,85000,130000
000001.SZ,000001,20190102,91825310,0,71072,0,S,95000,500
000001.SZ,000001,20190102,91826140,0,71125,0,B,93000,2000
000001.SZ,000001,20190102,91827230,0,71211,0,B,93000,100
000001.SZ,000001,20190102,91833210,0,71619,0,S,89100,8782
000001.SZ,000001,20190102,91833560,0,71645,0,B,93700,40800
000001.SZ,000001,20190102,91844220,0,72440,0,S,94200,10000
000001.SZ,000001,20190102,91844670,0,72472,0,S,99800,300
000001.SZ,000001,20190102,91849580,0,72802,0,B,93900,600
000001.SZ,000001,20190102,91851900,0,72984,0,S,102800,200
000001.SZ,000001,20190102,91852670,0,73046,0,B,93900,5300
000001.SZ,000001,20190102,91853880,0,73134,0,B,93900,4800
000001.SZ,000001,20190102,91854830,0,73200,0,B,93900,1000
000001.SZ,000001,20190102,91856480,0,73308,0,B,93500,20000
000001.SZ,000001,20190102,91856640,0,73322,0,S,90000,3300
000001.SZ,000001,20190102,91902680,0,73772,0,S,93900,3000
000001.SZ,000001,20190102,91902840,0,73781,0,B,93700,8000
000001.SZ,000001,20190102,91908280,0,74175,0,S,95000,500
000001.SZ,000001,20190102,91915000,0,74716,0,S,95900,3000
000001.SZ,000001,20190102,91916570,0,74824,0,B,93900,4300
000001.SZ,000001,20190102,91917390,0,74877,0,S,95000,300
000001.SZ,000001,20190102,91928980,0,75731,0,B,93000,1000
000001.SZ,000001,20190102,91929420,0,75763,0,B,94000,1000
000001.SZ,000001,20190102,91930850,0,75886,0,B,85100,900
000001.SZ,000001,20190102,91932290,0,76007,0,B,93600,5000
000001.SZ,000001,20190102,91934270,0,76156,0,S,94800,1000
000001.SZ,000001,20190102,91935190,0,76225,0,S,89100,8782
000001.SZ,000001,20190102,91935940,0,76272,0,B,93400,3000
000001.SZ,000001,20190102,91937210,0,76368,0,S,95100,1000
000001.SZ,000001,20190102,91945480,0,76989,0,S,97900,1600
000001.SZ,000001,20190102,91946000,0,77039,0,B,93500,100
000001.SZ,000001,20190102,91946160,0,77059,0,B,93900,2000
000001.SZ,000001,20190102,91946340,0,77079,0,B,94400,1200
000001.SZ,000001,20190102,91946890,0,77149,0,B,93900,14000
000001.SZ,000001,20190102,91948500,0,77289,0,S,94700,500
000001.SZ,000001,20190102,91949050,0,77338,0,B,93000,3000
000001.SZ,000001,20190102,91949230,0,77351,0,B,93900,3200
000001.SZ,000001,20190102,91949930,0,77399,0,S,93900,21000
000001.SZ,000001,20190102,91951790,0,77538,0,B,93900,1100
000001.SZ,000001,20190102,91954890,0,77831,0,B,93900,700
000001.SZ,000001,20190102,91955420,0,77898,0,B,93400,2000
000001.SZ,000001,20190102,91957440,0,78080,0,S,103000,1000
000001.SZ,000001,20190102,91957440,0,78081,0,S,97200,3500
000001.SZ,000001,20190102,91957670,0,78108,0,B,93000,7000
000001.SZ,000001,20190102,91959710,0,78282,0,S,95700,500
000001.SZ,000001,20190102,92000560,0,78343,0,S,96800,500
000001.SZ,000001,20190102,92001380,0,78411,0,B,93000,5000
000001.SZ,000001,20190102,92002950,0,78537,0,B,93000,2000
000001.SZ,000001,20190102,92003500,0,78575,0,B,93900,500
000001.SZ,000001,20190102,92003930,0,78594,0,S,93900,100
000001.SZ,000001,20190102,92004110,0,78611,0,B,85000,100
000001.SZ,000001,20190102,92005060,0,78684,0,B,93000,200
000001.SZ,000001,20190102,92008000,0,78860,0,B,93000,2000
000001.SZ,000001,20190102,92008420,0,78890,0,S,100000,1500
000001.SZ,000001,20190102,92010620,0,79025,0,S,103200,200
000001.SZ,000001,20190102,92010680,0,79029,0,B,93700,1000
000001.SZ,000001,20190102,92010770,0,79035,0,S,100000,1000
000001.SZ,000001,20190102,92012080,0,79125,0,S,94500,300
000001.SZ,000001,20190102,92014500,0,79280,0,B,92000,200
000001.SZ,000001,20190102,92014750,0,79300,0,B,90200,1000
000001.SZ,000001,20190102,92016530,0,79422,0,B,92100,500
000001.SZ,000001,20190102,92018620,0,79544,0,B,93000,1000
000001.SZ,000001,20190102,92021400,0,79721,0,S,98500,300
000001.SZ,000001,20190102,92025300,0,79985,0,S,96900,900
000001.SZ,000001,20190102,92027670,0,80144,0,S,97000,1000
000001.SZ,000001,20190102,92029000,0,80214,0,B,91200,400
000001.SZ,000001,20190102,92031650,0,80398,0,S,94600,4200
000001.SZ,000001,20190102,92032080,0,80423,0,S,90000,700
000001.SZ,000001,20190102,92032230,0,80432,0,S,95500,1000
000001.SZ,000001,20190102,92033450,0,80519,0,S,96000,1000
000001.SZ,000001,20190102,92035210,0,80657,0,S,94900,400
000001.SZ,000001,20190102,92036490,0,80731,0,B,93200,2000
000001.SZ,000001,20190102,92038710,0,80880,0,S,94600,5000
000001.SZ,000001,20190102,92039980,0,80969,0,B,90200,400
000001.SZ,000001,20190102,92041080,0,81044,0,B,91900,3000
000001.SZ,000001,20190102,92045150,0,81339,0,B,91900,1600
000001.SZ,000001,20190102,92045640,0,81375,0,B,92900,6100
000001.SZ,000001,20190102,92045720,0,81381,0,B,93400,1000
000001.SZ,000001,20190102,92046510,0,81433,0,S,94800,1000
000001.SZ,000001,20190102,92047160,0,81479,0,B,93900,200
000001.SZ,000001,20190102,92048420,0,81565,0,B,92800,3000
000001.SZ,000001,20190102,92049480,0,81636,0,S,97000,1000
000001.SZ,000001,20190102,92049600,0,81654,0,B,93100,2000
000001.SZ,000001,20190102,92052070,0,81843,0,B,94300,3000
000001.SZ,000001,20190102,92052580,0,81895,0,B,84500,100
000001.SZ,000001,20190102,92053520,0,81955,0,B,93900,3600
000001.SZ,000001,20190102,92100010,0,82424,0,S,94300,200
000001.SZ,000001,20190102,92101750,0,82564,0,B,93100,200
000001.SZ,000001,20190102,92103600,0,82717,0,S,99800,100
000001.SZ,000001,20190102,92104260,0,82778,0,S,98000,1000
000001.SZ,000001,20190102,92105910,0,82906,0,S,99300,1000
000001.SZ,000001,20190102,92105960,0,82909,0,S,99000,100
000001.SZ,000001,20190102,92106870,0,82977,0,B,93900,1000
000001.SZ,000001,20190102,92107840,0,83050,0,S,99900,2900
000001.SZ,000001,20190102,92108130,0,83067,0,B,95100,2000
000001.SZ,000001,20190102,92111050,0,83325,0,S,96500,7200
000001.SZ,000001,20190102,92113840,0,83532,0,B,84500,10000
000001.SZ,000001,20190102,92114530,0,83576,0,S,94100,500
000001.SZ,000001,20190102,92114780,0,83592,0,S,98500,1000
000001.SZ,000001,20190102,92115460,0,83651,0,B,94200,2000
000001.SZ,000001,20190102,92116250,0,83722,0,S,97000,500
000001.SZ,000001,20190102,92119810,0,83988,0,S,94800,500
000001.SZ,000001,20190102,92120230,0,84024,0,S,95000,7000
000001.SZ,000001,20190102,92120260,0,84026,0,S,95000,200
000001.SZ,000001,20190102,92121050,0,84093,0,B,93900,2000
000001.SZ,000001,20190102,92121870,0,84158,0,S,95000,500
000001.SZ,000001,20190102,92122740,0,84215,0,B,92800,1000
000001.SZ,000001,20190102,92124360,0,84332,0,S,96500,100
000001.SZ,000001,20190102,92124900,0,84378,0,S,97200,300
000001.SZ,000001,20190102,92125560,0,84442,0,B,93500,1700
000001.SZ,000001,20190102,92125810,0,84471,0,S,94900,1000
000001.SZ,000001,20190102,92126110,0,84493,0,S,95100,3500
000001.SZ,000001,20190102,92126820,0,84561,0,S,102500,1000
000001.SZ,000001,20190102,92127610,0,84681,0,B,93900,5000
000001.SZ,000001,20190102,92129920,0,84880,0,S,96800,10000
000001.SZ,000001,20190102,92130780,0,84939,0,B,93900,200
000001.SZ,000001,20190102,92132450,0,85073,0,S,95800,1000
000001.SZ,000001,20190102,92134040,0,85215,0,S,96000,1400
000001.SZ,000001,20190102,92135150,0,85296,0,S,95600,1100
000001.SZ,000001,20190102,92137060,0,85449,0,B,93900,1100
000001.SZ,000001,20190102,92137360,0,85478,0,B,84400,100
000001.SZ,000001,20190102,92139480,0,85665,0,B,93800,500
000001.SZ,000001,20190102,92140650,0,85753,0,S,95000,500
000001.SZ,000001,20190102,92141290,0,85810,0,B,93300,2000
000001.SZ,000001,20190102,92142320,0,85887,0,S,96800,1100
000001.SZ,000001,20190102,92143850,0,86018,0,B,90000,100
000001.SZ,000001,20190102,92145960,0,86192,0,S,98800,500
000001.SZ,000001,20190102,92147040,0,86296,0,B,89500,10000
000001.SZ,000001,20190102,92147760,0,86357,0,S,96200,2000
000001.SZ,000001,20190102,92151340,0,86647,0,S,90000,2900
000001.SZ,000001,20190102,92151730,0,86672,0,B,93000,600
000001.SZ,000001,20190102,92153070,0,86782,0,B,93800,1000
000001.SZ,000001,20190102,92153850,0,86849,0,B,93400,1000
000001.SZ,000001,20190102,92153920,0,86861,0,S,97000,10000
000001.SZ,000001,20190102,92154210,0,86889,0,S,97600,1100
000001.SZ,000001,20190102,92158600,0,87255,0,S,98900,1300
000001.SZ,000001,20190102,92201050,0,87478,0,B,95500,2000
000001.SZ,000001,20190102,92201210,0,87500,0,S,95000,1000
000001.SZ,000001,20190102,92201810,0,87553,0,S,103200,400
000001.SZ,000001,20190102,92202450,0,87603,0,B,94000,2000
000001.SZ,000001,20190102,92204380,0,87770,0,B,93900,300
000001.SZ,000001,20190102,92207310,0,88033,0,S,95500,21400
000001.SZ,000001,20190102,92209480,0,88248,0,S,94800,2000
000001.SZ,000001,20190102,92210790,0,88356,0,S,94800,2000
000001.SZ,000001,20190102,92213790,0,88637,0,S,94700,600
000001.SZ,000001,20190102,92214190,0,88675,0,S,97200,10000
000001.SZ,000001,20190102,92214840,0,88737,0,B,93900,170000
000001.SZ,000001,20190102,92214980,0,88747,0,B,93100,1000
000001.SZ,000001,20190102,92219070,0,89123,0,B,93600,20000
000001.SZ,000001,20190102,92222300,0,89419,0,S,95600,1000
000001.SZ,000001,20190102,92222980,0,89488,0,B,90200,400
000001.SZ,000001,20190102,92223050,0,89497,0,B,92100,1000
000001.SZ,000001,20190102,92227530,0,89907,0,S,95000,1000
000001.SZ,000001,20190102,92228300,0,89977,0,S,94400,1200
000001.SZ,000001,20190102,92229110,0,90056,0,B,92500,400
000001.SZ,000001,20190102,92229220,0,90067,0,B,91200,1000
000001.SZ,000001,20190102,92229640,0,90109,0,S,103200,2000
000001.SZ,000001,20190102,92230150,0,90161,0,B,99800,300
000001.SZ,000001,20190102,92231440,0,90276,0,S,97400,10000
000001.SZ,000001,20190102,92232060,0,90340,0,B,92600,1000
000001.SZ,000001,20190102,92234250,0,90569,0,S,103200,500
000001.SZ,000001,20190102,92234420,0,90588,0,B,93800,900
000001.SZ,000001,20190102,92236620,0,90815,0,S,94900,2000
000001.SZ,000001,20190102,92236960,0,90844,0,S,94400,5500
000001.SZ,000001,20190102,92237330,0,90879,0,S,103200,900
000001.SZ,000001,20190102,92238070,0,90938,0,S,90100,38100
000001.SZ,000001,20190102,92238370,0,90966,0,B,91600,1000
000001.SZ,000001,20190102,92240030,0,91145,0,B,94400,200
000001.SZ,000001,20190102,92241030,0,91235,0,S,95200,1000
000001.SZ,000001,20190102,92244590,0,91586,0,B,91100,1000
000001.SZ,000001,20190102,92247610,0,91876,0,B,92200,300
000001.SZ,000001,20190102,92248100,0,91931,0,B,93000,2000
000001.SZ,000001,20190102,92248600,0,91984,0,B,93200,2100
000001.SZ,000001,20190102,92249660,0,92095,0,B,85000,150000
000001.SZ,000001,20190102,92250300,0,92166,0,S,95500,27600
000001.SZ,000001,20190102,92250300,0,92167,0,B,92100,500
000001.SZ,000001,20190102,92250520,0,92187,0,S,101800,1000
000001.SZ,000001,20190102,92252120,0,92359,0,B,90100,1000
000001.SZ,000001,20190102,92252780,0,92430,0,S,94900,5000
000001.SZ,000001,20190102,92253940,0,92542,0,S,95800,1100
000001.SZ,000001,20190102,92255030,0,92643,0,S,94900,700
000001.SZ,000001,20190102,92255060,0,92645,0,S,98900,200
000001.SZ,000001,20190102,92255290,0,92669,0,B,93100,1000
000001.SZ,000001,20190102,92256370,0,92780,0,S,94800,700
000001.SZ,000001,20190102,92256610,0,92807,0,B,93900,200
000001.SZ,000001,20190102,92256720,0,92821,0,B,93900,100
000001.SZ,000001,20190102,92257630,0,92932,0,B,93900,1000
000001.SZ,000001,20190102,92258060,0,92976,0,S,95500,1000
000001.SZ,000001,20190102,92301310,0,93321,0,S,96500,1000
000001.SZ,000001,20190102,92301490,0,93338,0,S,94700,6600
000001.SZ,000001,20190102,92301620,0,93346,0,S,94900,2000
000001.SZ,000001,20190102,92301910,0,93378,0,B,93800,10000
000001.SZ,000001,20190102,92302140,0,93407,0,S,94800,10000
000001.SZ,000001,20190102,92302630,0,93455,0,S,94500,2000
000001.SZ,000001,20190102,92306830,0,93887,0,B,93500,1100
000001.SZ,000001,20190102,92308060,0,94038,0,B,84500,200
000001.SZ,000001,20190102,92308270,0,94056,0,B,93000,1000
000001.SZ,000001,20190102,92308840,0,94130,0,B,94700,1800
000001.SZ,000001,20190102,92309390,0,94208,0,S,95300,2700
000001.SZ,000001,20190102,92310450,0,94345,0,S,90100,24300
000001.SZ,000001,20190102,92310480,0,94352,0,S,99200,1000
000001.SZ,000001,20190102,92312430,0,94586,0,B,93600,6900
000001.SZ,000001,20190102,92312960,0,94639,0,B,94700,2000
000001.SZ,000001,20190102,92314110,0,94776,0,S,94500,20000
000001.SZ,000001,20190102,92316600,0,95060,0,B,94000,4000
000001.SZ,000001,20190102,92318550,0,95308,0,S,93900,2500
000001.SZ,000001,20190102,92322080,0,95740,0,B,92800,2000
000001.SZ,000001,20190102,92323820,0,95938,0,S,101300,200
000001.SZ,000001,20190102,92324430,0,96020,0,B,94700,1500
000001.SZ,000001,20190102,92326280,0,96241,0,S,97600,9500
000001.SZ,000001,20190102,92330450,0,96822,0,S,103000,12600
000001.SZ,000001,20190102,92332800,0,97096,0,S,97000,20700
000001.SZ,000001,20190102,92334550,0,97310,0,B,94000,2200
000001.SZ,000001,20190102,92334970,0,97373,0,S,95200,10000
000001.SZ,000001,20190102,92337090,0,97649,0,B,94000,500
000001.SZ,000001,20190102,92337180,0,97663,0,B,93000,300
000001.SZ,000001,20190102,92337780,0,97727,0,S,96900,1000
000001.SZ,000001,20190102,92338090,0,97792,0,B,93800,5000
000001.SZ,000001,20190102,92338650,0,97882,0,B,93900,5000
000001.SZ,000001,20190102,92339190,0,97956,0,S,94200,1100
000001.SZ,000001,20190102,92339650,0,98033,0,B,93900,1000
000001.SZ,000001,20190102,92339840,0,98069,0,B,93900,100
000001.SZ,000001,20190102,92340680,0,98186,0,B,93900,900
000001.SZ,000001,20190102,92340770,0,98202,0,S,97900,10000
000001.SZ,000001,20190102,92342660,0,98469,0,B,91000,9900
000001.SZ,000001,20190102,92343270,0,98546,0,B,90000,500
000001.SZ,000001,20190102,92343810,0,98615,0,S,95400,1000
000001.SZ,000001,20190102,92344420,0,98700,0,B,93700,1000
000001.SZ,000001,20190102,92347210,0,99065,0,B,93000,1000
000001.SZ,000001,20190102,92348250,0,99214,0,B,94200,500
000001.SZ,000001,20190102,92348950,0,99311,0,B,93000,300
000001.SZ,000001,20190102,92351310,0,99649,0,B,93000,8800
000001.SZ,000001,20190102,92353150,0,99894,0,S,93900,7000
000001.SZ,000001,20190102,92354050,0,100013,0,S,99500,2000
000001.SZ,000001,20190102,92354060,0,100014,0,B,92500,200
000001.SZ,000001,20190102,92354410,0,100067,0,S,103100,1200
000001.SZ,000001,20190102,92354450,0,100074,0,S,93800,1900
000001.SZ,000001,20190102,92354470,0,100079,0,S,95000,500
000001.SZ,000001,20190102,92354550,0,100090,0,S,101200,1000
000001.SZ,000001,20190102,92356050,0,100305,0,B,93200,500
000001.SZ,000001,20190102,92356660,0,100392,0,B,93900,1400
000001.SZ,000001,20190102,92359560,0,100792,0,S,93700,13400
000001.SZ,000001,20190102,92400310,0,100892,0,S,95500,2000
000001.SZ,000001,20190102,92402300,0,101198,0,B,93500,1000
000001.SZ,000001,20190102,92402370,0,101213,0,S,92000,34500
000001.SZ,000001,20190102,92403150,0,101339,0,S,97800,1000
000001.SZ,000001,20190102,92403870,0,101472,0,B,94100,600
000001.SZ,000001,20190102,92404870,0,101635,0,B,93600,500
000001.SZ,000001,20190102,92409040,0,102339,0,B,93900,200
000001.SZ,000001,20190102,92409270,0,102390,0,S,93900,3300
000001.SZ,000001,20190102,92409720,0,102478,0,S,92000,7000
000001.SZ,000001,20190102,92409870,0,102508,0,S,98700,3500
000001.SZ,000001,20190102,92410150,0,102563,0,B,93000,1000
000001.SZ,000001,20190102,92410720,0,102675,0,B,91000,100
000001.SZ,000001,20190102,92411080,0,102741,0,S,93900,23400
000001.SZ,000001,20190102,92414620,0,103448,0,B,94100,5600
000001.SZ,000001,20190102,92415490,0,103628,0,B,94000,5000
000001.SZ,000001,20190102,92415530,0,103635,0,B,93900,100000
000001.SZ,000001,20190102,92416570,0,103836,0,S,98200,10000
000001.SZ,000001,20190102,92416990,0,103926,0,B,93200,11100
000001.SZ,000001,20190102,92416990,0,103927,0,B,93900,2000
000001.SZ,000001,20190102,92417550,0,104037,0,B,94600,1500
000001.SZ,000001,20190102,92418090,0,104150,0,B,84400,100
000001.SZ,000001,20190102,92418980,0,104358,0,B,93900,2000
000001.SZ,000001,20190102,92419590,0,104501,0,B,94000,20000
000001.SZ,000001,20190102,92421090,0,104836,0,S,93800,22000
000001.SZ,000001,20190102,92421270,0,104898,0,B,93900,2000
000001.SZ,000001,20190102,92422050,0,105064,0,S,93900,2000
000001.SZ,000001,20190102,92423110,0,105343,0,S,95400,2000
000001.SZ,000001,20190102,92427070,0,106249,0,S,92000,13100
000001.SZ,000001,20190102,92428560,0,106623,0,S,99500,1600
000001.SZ,000001,20190102,92429910,0,106919,0,B,92600,6000
000001.SZ,000001,20190102,92430230,0,106997,0,S,98400,10000
000001.SZ,000001,20190102,92430260,0,107005,0,B,93100,1800
000001.SZ,000001,20190102,92431940,0,107388,0,S,96900,1000
000001.SZ,000001,20190102,92432120,0,107433,0,S,94900,3300
000001.SZ,000001,20190102,92432220,0,107451,0,B,94000,2000
000001.SZ,000001,20190102,92433140,0,107682,0,S,93700,31000
000001.SZ,000001,20190102,92434270,0,107937,0,S,94800,1700
000001.SZ,000001,20190102,92435920,0,108360,0,B,94000,3000
000001.SZ,000001,20190102,92436940,0,108600,0,B,90000,500
000001.SZ,000001,20190102,92437040,0,108620,0,S,95100,1100
000001.SZ,000001,20190102,92437440,0,108721,0,B,94000,400
000001.SZ,000001,20190102,92438460,0,108971,0,B,94100,1000
000001.SZ,000001,20190102,92438560,0,109002,0,S,95700,1500
000001.SZ,000001,20190102,92438670,0,109032,0,B,93900,2500
000001.SZ,000001,20190102,92438790,0,109057,0,S,103100,1500
000001.SZ,000001,20190102,92439020,0,109129,0,B,94000,2000
000001.SZ,000001,20190102,92439410,0,109249,0,S,93500,3000
000001.SZ,000001,20190102,92440130,0,109458,0,S,94200,3000
000001.SZ,000001,20190102,92444010,0,110562,0,S,95500,100
000001.SZ,000001,20190102,92444290,0,110638,0,S,94100,53400
000001.SZ,000001,20190102,92444880,0,110835,0,S,103200,1000
000001.SZ,000001,20190102,92445450,0,111019,0,S,103000,1100
000001.SZ,000001,20190102,92446950,0,111490,0,B,93500,300
000001.SZ,000001,20190102,92453960,0,113633,0,S,94100,5000
000001.SZ,000001,20190102,92454420,0,113752,0,S,103000,1000
000001.SZ,000001,20190102,92454940,0,113904,0,B,84400,17100
000001.SZ,000001,20190102,92456090,0,114318,0,B,94000,4100
000001.SZ,000001,20190102,92456640,0,114506,0,B,94000,2400
000001.SZ,000001,20190102,92457290,0,114761,0,B,94000,15800
000001.SZ,000001,20190102,92457380,0,114822,0,B,93900,500
000001.SZ,000001,20190102,92457480,0,114873,0,B,94000,19600
000001.SZ,000001,20190102,92457650,0,114964,0,B,93600,1000
000001.SZ,000001,20190102,92458180,0,115342,0,B,94000,5700
000001.SZ,000001,20190102,92458850,0,115682,0,S,97000,200
000001.SZ,000001,20190102,92459150,0,115809,0,S,97000,1000
000001.SZ,000001,20190102,92459300,0,115871,0,B,92100,4100
000001.SZ,000001,20190102,93000000,0,133691,0,S,94900,3000
000001.SZ,000001,20190102,93000000,0,133844,0,S,96900,3000
000001.SZ,000001,20190102,93000010,0,134496,0,S,93900,200
000001.SZ,000001,20190102,93000010,0,134584,0,S,93700,500
000001.SZ,000001,20190102,93000010,0,134586,0,S,93700,5200
000001.SZ,000001,20190102,93000010,0,134638,0,S,93700,900
000001.SZ,000001,20190102,93000010,0,134653,0,S,93700,600
000001.SZ,000001,20190102,93000010,0,134661,0,S,93700,3200
000001.SZ,000001,20190102,93000010,0,134663,0,S,93700,400
000001.SZ,000001,20190102,93000010,0,134665,0,S,93700,400
000001.SZ,000001,20190102,93000010,0,134669,0,S,93700,900
000001.SZ,000001,20190102,93000010,0,134671,0,S,93700,2400
000001.SZ,000001,20190102,93000010,0,134673,0,S,93700,2300
000001.SZ,000001,20190102,93000010,0,134677,0,S,93700,500
000001.SZ,000001,20190102,93000010,0,134679,0,S,93700,500
000001.SZ,000001,20190102,93000010,0,134681,0,S,93700,400
000001.SZ,000001,20190102,93000010,0,134689,0,S,93700,400
000001.SZ,000001,20190102,93000010,0,134691,0,S,93700,800
000001.SZ,000001,20190102,93000020,0,134789,0,B,94000,3100
000001.SZ,000001,20190102,93000020,0,134893,0,S,93700,400
000001.SZ,000001,20190102,93000020,0,134898,0,S,93700,500
000001.SZ,000001,20190102,93000020,0,134900,0,S,93700,900
000001.SZ,000001,20190102,93000020,0,134904,0,S,93700,700
000001.SZ,000001,20190102,93000020,0,134906,0,S,93700,500
000001.SZ,000001,20190102,93000020,0,134912,0,S,93700,7500
000001.SZ,000001,20190102,93000020,0,134918,0,S,93700,800
000001.SZ,000001,20190102,93000020,0,134920,0,S,93700,500
000001.SZ,000001,20190102,93000020,0,134922,0,S,93700,900
000001.SZ,000001,20190102,93000020,0,134924,0,S,93700,800
000001.SZ,000001,20190102,93000020,0,134926,0,S,93700,600
000001.SZ,000001,20190102,93000020,0,134928,0,S,93700,400
000001.SZ,000001,20190102,93000020,0,134930,0,S,93700,2100
000001.SZ,000001,20190102,93000020,0,135119,0,S,93900,1000
000001.SZ,000001,20190102,93000020,0,135137,0,S,94800,3000
000001.SZ,000001,20190102,93000030,0,135533,0,B,92100,2000
000001.SZ,000001,20190102,93000030,0,135565,0,S,96900,2000
000001.SZ,000001,20190102,93000040,0,135916,0,S,94700,8900
000001.SZ,000001,20190102,93000050,0,136144,0,B,93200,1100
000001.SZ,000001,20190102,93000050,0,136152,0,B,94100,100
000001.SZ,000001,20190102,93000050,0,136168,0,B,94100,100
000001.SZ,000001,20190102,93000060,0,136803,0,S,96900,4400
000001.SZ,000001,20190102,93000060,0,137164,0,B,88500,100
000001.SZ,000001,20190102,93000060,0,137384,0,S,97500,4400
000001.SZ,000001,20190102,93000070,0,137605,0,S,97800,1100
000001.SZ,000001,20190102,93000070,0,137615,0,B,94000,1900
000001.SZ,000001,20190102,93000070,0,137655,0,S,100000,1400
000001.SZ,000001,20190102,93000070,0,138052,0,B,93900,600
